<?xml version="1.0" encoding="UTF-8"?>
<marc:collection xmlns:marc="http://www.loc.gov/MARC21/slim">
  <marc:record>
    <marc:leader>01281ngm a2200277 i 4500</marc:leader>
    <marc:controlfield tag="001">UMLRM0003</marc:controlfield>
    <marc:datafield tag="071" ind1="4" ind2="1">
      <marc:subfield code="a">DVD103</marc:subfield>
      <marc:subfield code="b">RDM vidéo</marc:subfield>
    </marc:datafield>
    <marc:datafield tag="073" ind1=" " ind2="0">
      <marc:subfield code="a">3125127221033</marc:subfield>
    </marc:datafield>
    <marc:datafield tag="100" ind1=" " ind2=" ">
      <marc:subfield code="a">20220924d2012    x  y0frey50      ba</marc:subfield>
    </marc:datafield>
    <marc:datafield tag="102" ind1=" " ind2=" ">
      <marc:subfield code="a">FR</marc:subfield>
    </marc:datafield>
    <marc:datafield tag="115" ind1=" " ind2=" ">
      <marc:subfield code="a">c   aaizxuxz   bkxxc</marc:subfield>
    </marc:datafield>
    <marc:datafield tag="181" ind1=" " ind2="0">
      <marc:subfield code="6">01</marc:subfield>
      <marc:subfield code="a">b</marc:subfield>
      <marc:subfield code="b">xa2ea </marc:subfield>
    </marc:datafield>
    <marc:datafield tag="181" ind1=" " ind2=" ">
      <marc:subfield code="6">02</marc:subfield>
      <marc:subfield code="c">tdi</marc:subfield>
      <marc:subfield code="2">rdacontent</marc:subfield>
    </marc:datafield>
    <marc:datafield tag="182" ind1=" " ind2="0">
      <marc:subfield code="6">01</marc:subfield>
      <marc:subfield code="a">g</marc:subfield>
    </marc:datafield>
    <marc:datafield tag="182" ind1=" " ind2=" ">
      <marc:subfield code="6">02</marc:subfield>
      <marc:subfield code="c">v</marc:subfield>
      <marc:subfield code="2">rdamedia</marc:subfield>
    </marc:datafield>
    <marc:datafield tag="200" ind1="1" ind2=" ">
      <marc:subfield code="a">Nosferatu</marc:subfield>
      <marc:subfield code="f">Réalisation Friedrich W. Murnau</marc:subfield>
      <marc:subfield code="g">d’après le roman "Dracula" de Bram Stoker</marc:subfield>
      <marc:subfield code="g">scénario et adaptation Henrik Galeen</marc:subfield>
      <marc:subfield code="g">avec Max Schreck, Greta Schroeder, Gustav von Wangenheim... [et autres]</marc:subfield>
    </marc:datafield>
    <marc:datafield tag="214" ind1=" " ind2="0">
      <marc:subfield code="a">[Sannois]</marc:subfield>
      <marc:subfield code="c">RDM vidéo</marc:subfield>
      <marc:subfield code="d">[DL 2012]</marc:subfield>
    </marc:datafield>
    <marc:datafield tag="214" ind1=" " ind2="2">
      <marc:subfield code="a">[Sannois]</marc:subfield>
      <marc:subfield code="c">RDM vidéo</marc:subfield>
    </marc:datafield>
    <marc:datafield tag="214" ind1=" " ind2="4">
      <marc:subfield code="d">2011</marc:subfield>
    </marc:datafield>
    <marc:datafield tag="215" ind1=" " ind2=" ">
      <marc:subfield code="a">1 DVD vidéo</marc:subfield>
      <marc:subfield code="c">monoface simple couche, 4/3, 24 im./s, PAL, toutes zones</marc:subfield>
    </marc:datafield>
    <marc:datafield tag="225" ind1="2" ind2=" ">
      <marc:subfield code="a">Les trésors du cinéma</marc:subfield>
    </marc:datafield>
    <marc:datafield tag="327" ind1="2" ind2=" ">
      <marc:subfield code="a">Contient aussi : Biographie et filmographie du réalisateur. Fiche technique</marc:subfield>
    </marc:datafield>
    <marc:datafield tag="410" ind1=" " ind2="0">
      <marc:subfield code="0">FRBNF42648324</marc:subfield>
      <marc:subfield code="t">Les Trésors du cinéma</marc:subfield>
      <marc:subfield code="x">2259-4388</marc:subfield>
      <marc:subfield code="d">2012</marc:subfield>
    </marc:datafield>
    <marc:datafield tag="451" ind1=" " ind2="1">
      <marc:subfield code="0">UMLRM0176</marc:subfield>
      <marc:subfield code="t">Les grands classiques du cinéma allemand</marc:subfield>
      <marc:subfield code="c">[Sannois]</marc:subfield>
      <marc:subfield code="n">RDM vidéo</marc:subfield>
      <marc:subfield code="d">[DL 2013]</marc:subfield>
      <marc:subfield code="p">7 DVD vidéo</marc:subfield>
    </marc:datafield>
    <marc:datafield tag="507" ind1="1" ind2=" ">
      <marc:subfield code="3">UMLRM0002</marc:subfield>
      <marc:subfield code="7">ba0yba0y</marc:subfield>
      <marc:subfield code="8">freger</marc:subfield>
      <marc:subfield code="a">Nosferatu, eine Symphonie des Grauens</marc:subfield>
      <marc:subfield code="c">film</marc:subfield>
      <marc:subfield code="l">Version restaurée</marc:subfield>
      <marc:subfield code="w">60mn</marc:subfield>
      <marc:subfield code="o">1995</marc:subfield>
      <marc:subfield code="m">Français</marc:subfield>
    </marc:datafield>
    <marc:datafield tag="801" ind1=" " ind2="0">
      <marc:subfield code="a">FR</marc:subfield>
      <marc:subfield code="b">FR-751131015</marc:subfield>
      <marc:subfield code="c">20220924</marc:subfield>
      <marc:subfield code="g">RDA-FR</marc:subfield>
      <marc:subfield code="h">FRBNF42632683000000X</marc:subfield>
    </marc:datafield>
  </marc:record>