
  <marc:record>
    <marc:leader>01925ngm a2200349 i 4500</marc:leader>
    <marc:controlfield tag="001">UMLRM0009</marc:controlfield>
    <marc:datafield tag="071" ind1="4" ind2="1">
      <marc:subfield code="a">FG 317 101</marc:subfield>
      <marc:subfield code="b">Gaumont vidéo</marc:subfield>
    </marc:datafield>
    <marc:datafield tag="073" ind1=" " ind2="0">
      <marc:subfield code="a">3607483171011</marc:subfield>
    </marc:datafield>
    <marc:datafield tag="100" ind1=" " ind2=" ">
      <marc:subfield code="a">20100921d2010    x  y0frey50      ba</marc:subfield>
    </marc:datafield>
    <marc:datafield tag="102" ind1=" " ind2=" ">
      <marc:subfield code="a">FR</marc:subfield>
    </marc:datafield>
    <marc:datafield tag="115" ind1=" " ind2=" ">
      <marc:subfield code="a">c   bai        bl  c</marc:subfield>
    </marc:datafield>
    <marc:datafield tag="181" ind1=" " ind2=" ">
      <marc:subfield code="6">01</marc:subfield>
      <marc:subfield code="a">b</marc:subfield>
      <marc:subfield code="b">xa2ae </marc:subfield>
    </marc:datafield>
    <marc:datafield tag="181" ind1=" " ind2=" ">
      <marc:subfield code="6">02</marc:subfield>
      <marc:subfield code="c">tdi</marc:subfield>
      <marc:subfield code="2">rda-frcontent</marc:subfield>
    </marc:datafield>
    <marc:datafield tag="182" ind1=" " ind2=" ">
      <marc:subfield code="6">01</marc:subfield>
      <marc:subfield code="a">g</marc:subfield>
    </marc:datafield>
    <marc:datafield tag="182" ind1=" " ind2=" ">
      <marc:subfield code="6">02</marc:subfield>
      <marc:subfield code="c">v</marc:subfield>
      <marc:subfield code="2">rda-frmedia</marc:subfield>
    </marc:datafield>
    <marc:datafield tag="183" ind1=" " ind2=" ">
      <marc:subfield code="6">02</marc:subfield>
      <marc:subfield code="a">vcc</marc:subfield>
      <marc:subfield code="2">rda-frcarrier</marc:subfield>
    </marc:datafield>
    <marc:datafield tag="200" ind1="1" ind2=" ">
      <marc:subfield code="a">Nosferatu, fantôme de la nuit</marc:subfield>
      <marc:subfield code="f">un film de Werner Herzog</marc:subfield>
      <marc:subfield code="g">[musique de Popol Vuh, Florian Fricke]</marc:subfield>
      <marc:subfield code="g">Isabelle Adjani, Klaus Kinski, [Bruno Ganz... et autres, acteurs]</marc:subfield>
    </marc:datafield>
    <marc:datafield tag="214" ind1=" " ind2="0">
      <marc:subfield code="a">[Neuilly-sur-Seine]</marc:subfield>
      <marc:subfield code="c"> Gaumont vidéo</marc:subfield>
      <marc:subfield code="d">[DL 2010]</marc:subfield>
    </marc:datafield>
    <marc:datafield tag="214" ind1=" " ind2="2">
      <marc:subfield code="a">[Neuilly-sur-Seine]</marc:subfield>
      <marc:subfield code="c"> Gaumont vidéo</marc:subfield>
    </marc:datafield>
    <marc:datafield tag="215" ind1=" " ind2=" ">
      <marc:subfield code="a">1 BD vidéo</marc:subfield>
    </marc:datafield>
    <marc:datafield tag="304" ind1=" " ind2=" ">
      <marc:subfield code="a">Notice rédigée d'après la jaquette</marc:subfield>
    </marc:datafield>
    <marc:datafield tag="327" ind1="2" ind2=" ">
      <marc:subfield code="a">Contient aussi : "Voyage au pays de l'indicible" de Dominique Maillet (37 min) avec les témoignages de Dominique Colladant, Harald Maury, Anne Demoulin, Serge Moati et Freddy Buache. "Klaus Kinski, la métamorphose" (20 min) par Dominique Colladant et Reiko Kruk. "Histoire de vampire(s)" (11 min) par Gérard Lenne. Bande-annonce</marc:subfield>
    </marc:datafield>
    <marc:datafield tag="371" ind1="1" ind2=" ">
      <marc:subfield code="a">Interdit à la location</marc:subfield>
    </marc:datafield>
    <marc:datafield tag="507" ind1="1" ind2=" ">
      <marc:subfield code="3">UMLRM0008</marc:subfield>
      <marc:subfield code="7">ba0yba0y</marc:subfield>
      <marc:subfield code="8">freger</marc:subfield>
      <marc:subfield code="a">Nosferatu, Phantom der Nacht</marc:subfield>
      <marc:subfield code="c">film</marc:subfield>
      <marc:subfield code="m">français</marc:subfield>
    </marc:datafield>
    <marc:datafield tag="506" ind1="0" ind2=" ">
      <marc:subfield code="a">Voyage au pays de l'indicible</marc:subfield>
      <marc:subfield code="c">film</marc:subfield>
    </marc:datafield>
    <marc:datafield tag="506" ind1="0" ind2=" ">
      <marc:subfield code="a">Klaus Kinski, la métamorphose</marc:subfield>
      <marc:subfield code="c">film</marc:subfield>
    </marc:datafield>
    <marc:datafield tag="506" ind1="0" ind2=" ">
      <marc:subfield code="a">Histoire de vampire(s)</marc:subfield>
      <marc:subfield code="c">film</marc:subfield>
    </marc:datafield>
    <marc:datafield tag="702" ind1=" " ind2="1">
      <marc:subfield code="3">FRBNF11913982X</marc:subfield>
      <marc:subfield code="7">ba0yba0y</marc:subfield>
      <marc:subfield code="8">frefre</marc:subfield>
      <marc:subfield code="o">ISNI 0000 0001 0775 791X</marc:subfield>
      <marc:subfield code="a">Maillet</marc:subfield>
      <marc:subfield code="b">Dominique</marc:subfield>
      <marc:subfield code="f">19..-....</marc:subfield>
      <marc:subfield code="c">cinéaste</marc:subfield>
      <marc:subfield code="4">300</marc:subfield>
    </marc:datafield>
    <marc:datafield tag="702" ind1=" " ind2="1">
      <marc:subfield code="3">FRBNF146740087</marc:subfield>
      <marc:subfield code="7">ba0yba0y</marc:subfield>
      <marc:subfield code="8">frefre</marc:subfield>
      <marc:subfield code="o">ISNI 0000 0000 0319 4585</marc:subfield>
      <marc:subfield code="a">Colladant</marc:subfield>
      <marc:subfield code="b">Dominique</marc:subfield>
      <marc:subfield code="4">300</marc:subfield>
    </marc:datafield>
    <marc:datafield tag="702" ind1=" " ind2="1">
      <marc:subfield code="3">FRBNF146862326</marc:subfield>
      <marc:subfield code="7">ba0yba0y</marc:subfield>
      <marc:subfield code="8">frefre</marc:subfield>
      <marc:subfield code="o">ISNI 0000 0005 0335 5701</marc:subfield>
      <marc:subfield code="a">Kruk-Nishioka</marc:subfield>
      <marc:subfield code="b">Reiko</marc:subfield>
      <marc:subfield code="f">1935-....</marc:subfield>
      <marc:subfield code="4">300</marc:subfield>
    </marc:datafield>
    <marc:datafield tag="702" ind1=" " ind2="1">
      <marc:subfield code="3">FRBNF119124422</marc:subfield>
      <marc:subfield code="7">ba0yba0y</marc:subfield>
      <marc:subfield code="8">frefre</marc:subfield>
      <marc:subfield code="o">ISNI 0000 0001 1032 0540</marc:subfield>
      <marc:subfield code="a">Lenne</marc:subfield>
      <marc:subfield code="b">Gérard</marc:subfield>
      <marc:subfield code="f">1946-....</marc:subfield>
      <marc:subfield code="4">300</marc:subfield>
    </marc:datafield>
    <marc:datafield tag="801" ind1=" " ind2="0">
      <marc:subfield code="a">FR</marc:subfield>
      <marc:subfield code="b">751043001</marc:subfield>
      <marc:subfield code="c">20220726</marc:subfield>
      <marc:subfield code="g">RDA-FR</marc:subfield>
      <marc:subfield code="h">FRBNF42274830000000X</marc:subfield>
    </marc:datafield>
  </marc:record>