
  <marc:record>
    <marc:leader>01067cam a2200241 i 4500</marc:leader>
    <marc:controlfield tag="001">UMLRM0027</marc:controlfield>
    <marc:controlfield tag="005">20220905######.D</marc:controlfield>
    <marc:datafield tag="010" ind1=" " ind2=" ">
      <marc:subfield code="a"> 2-277-23402-8</marc:subfield>
      <marc:subfield code="b">Broché</marc:subfield>
      <marc:subfield code="d">38 F</marc:subfield>
    </marc:datafield>
    <marc:datafield tag="100" ind1=" " ind2=" ">
      <marc:subfield code="a">20220826d1992    xy0frey50      ba</marc:subfield>
    </marc:datafield>
    <marc:datafield tag="181" ind1=" " ind2=" ">
      <marc:subfield code="a">i </marc:subfield>
      <marc:subfield code="b">axxe  </marc:subfield>
    </marc:datafield>
    <marc:datafield tag="182" ind1=" " ind2=" ">
      <marc:subfield code="a">n</marc:subfield>
    </marc:datafield>
    <marc:datafield tag="183" ind1=" " ind2=" ">
      <marc:subfield code="a">nga</marc:subfield>
      <marc:subfield code="2">RDAfrCarrier</marc:subfield>
    </marc:datafield>
    <marc:datafield tag="200" ind1="1" ind2=" ">
      <marc:subfield code="a">Dracula</marc:subfield>
      <marc:subfield code="f">Bram Stoker</marc:subfield>
      <marc:subfield code="g">traduit de l'anglais par Lucienne Molitor</marc:subfield>
      <marc:subfield code="g">[notice biographique par Barbara Sadoul]</marc:subfield>
    </marc:datafield>
    <marc:datafield tag="214" ind1=" " ind2="0">
      <marc:subfield code="a">Paris</marc:subfield>
      <marc:subfield code="c">Éd. J'ai lu</marc:subfield>
      <marc:subfield code="d">1992</marc:subfield>
    </marc:datafield>
    <marc:datafield tag="214" ind1=" " ind2="3">
      <marc:subfield code="a">72-La Flèche</marc:subfield>
      <marc:subfield code="c">mprimerie Brodard et Taupin</marc:subfield>
    </marc:datafield>
    <marc:datafield tag="215" ind1=" " ind2=" ">
      <marc:subfield code="a">1 volume (XXIV-505 pages)</marc:subfield>
      <marc:subfield code="c">illustrations, couverture illustrée</marc:subfield>
      <marc:subfield code="d">18 cm</marc:subfield>
    </marc:datafield>
    <marc:datafield tag="225" ind1="2" ind2=" ">
      <marc:subfield code="a">J'ai lu</marc:subfield>
      <marc:subfield code="i">Epouvante</marc:subfield>
    </marc:datafield>
    <marc:datafield tag="308" ind1=" " ind2=" ">
      <marc:subfield code="a">Numéro dans la collection principale : 3402</marc:subfield>
    </marc:datafield>
    <marc:datafield tag="410" ind1=" " ind2="0">
      <marc:subfield code="0">FRBNF34243801</marc:subfield>
      <marc:subfield code="t">J'ai lu</marc:subfield>
      <marc:subfield code="i">Epouvante</marc:subfield>
      <marc:subfield code="x">0764-860X</marc:subfield>
      <marc:subfield code="d">1992</marc:subfield>
    </marc:datafield>
    <marc:datafield tag="410" ind1=" " ind2="0">
      <marc:subfield code="0">FRBNF34229028</marc:subfield>
      <marc:subfield code="t">J'ai lu</marc:subfield>
      <marc:subfield code="x">0291-3623</marc:subfield>
      <marc:subfield code="v">3402</marc:subfield>
    </marc:datafield>
    <marc:datafield tag="702" ind1=" " ind2="1">
      <marc:subfield code="3">FRBNF12938552</marc:subfield>
      <marc:subfield code="7">ba0yba0y</marc:subfield>
      <marc:subfield code="8">fre###</marc:subfield>
      <marc:subfield code="o">ISNI 0000 0001 1631 511X</marc:subfield>
      <marc:subfield code="a">Sadoul</marc:subfield>
      <marc:subfield code="b">Barbara</marc:subfield>
      <marc:subfield code="4">340</marc:subfield>
    </marc:datafield>
    <marc:datafield tag="577" ind1="1" ind2="1">
      <marc:subfield code="3">UMLRM0020</marc:subfield>
      <marc:subfield code="7">ba0yba0y</marc:subfield>
      <marc:subfield code="8">freeng</marc:subfield>
      <marc:subfield code="a"> Stoker, Bram (1847-1912)</marc:subfield>
      <marc:subfield code="t">Dracula</marc:subfield>
      <marc:subfield code="m">Français</marc:subfield>
      <marc:subfield code="w">Molitor</marc:subfield>
      <marc:subfield code="n">Texte noté</marc:subfield>
    </marc:datafield>
    <marc:datafield tag="801" ind1=" " ind2="0">
      <marc:subfield code="a">FR</marc:subfield>
      <marc:subfield code="b">FR-751052119</marc:subfield>
      <marc:subfield code="c">20220905</marc:subfield>
      <marc:subfield code="g">RDA-FR</marc:subfield>
      <marc:subfield code="h"> FRBNF355462090000004</marc:subfield>
    </marc:datafield>
  </marc:record>