
  <marc:record>
    <marc:leader>01120cam a2200253 i 4500</marc:leader>
    <marc:controlfield tag="001">UMLRM0030</marc:controlfield>
    <marc:controlfield tag="005">20220701######.D</marc:controlfield>
    <marc:datafield tag="010" ind1=" " ind2=" ">
      <marc:subfield code="a">2-01-013452-4</marc:subfield>
      <marc:subfield code="b">Broché</marc:subfield>
      <marc:subfield code="d">30,50 FRF</marc:subfield>
    </marc:datafield>
    <marc:datafield tag="100" ind1=" " ind2=" ">
      <marc:subfield code="a">19890210d1988    x  y0frey50      ba</marc:subfield>
    </marc:datafield>
    <marc:datafield tag="102" ind1=" " ind2=" ">
      <marc:subfield code="a">FR</marc:subfield>
    </marc:datafield>
    <marc:datafield tag="181" ind1=" " ind2=" ">
      <marc:subfield code="a">i </marc:subfield>
      <marc:subfield code="b">axxe  </marc:subfield>
    </marc:datafield>
    <marc:datafield tag="182" ind1=" " ind2=" ">
      <marc:subfield code="a">n</marc:subfield>
    </marc:datafield>
    <marc:datafield tag="183" ind1=" " ind2=" ">
      <marc:subfield code="a">nga</marc:subfield>
      <marc:subfield code="2">RDAfrCarrier</marc:subfield>
    </marc:datafield>
    <marc:datafield tag="200" ind1="1" ind2=" ">
      <marc:subfield code="a">Dracula</marc:subfield>
      <marc:subfield code="e">roman</marc:subfield>
      <marc:subfield code="f">Bram Stoker</marc:subfield>
      <marc:subfield code="g">traduit de l’anglais par Lucienne Molitor</marc:subfield>
      <marc:subfield code="g">dossier établi par Jean-Claude Lullien</marc:subfield>
    </marc:datafield>
    <marc:datafield tag="214" ind1=" " ind2="0">
      <marc:subfield code="a">Paris</marc:subfield>
      <marc:subfield code="c">Hachette</marc:subfield>
      <marc:subfield code="d">1988</marc:subfield>
    </marc:datafield>
    <marc:datafield tag="214" ind1=" " ind2="3">
      <marc:subfield code="a">72-La Flèche</marc:subfield>
      <marc:subfield code="c">Imprimerie Brodard et Taupin</marc:subfield>
    </marc:datafield>
    <marc:datafield tag="215" ind1=" " ind2=" ">
      <marc:subfield code="a">1 volume (534 pages)</marc:subfield>
      <marc:subfield code="c">couverture illustrée en couleur</marc:subfield>
      <marc:subfield code="d">18 cm</marc:subfield>
    </marc:datafield>
    <marc:datafield tag="225" ind1="2" ind2=" ">
      <marc:subfield code="a">Bibliothèque verte</marc:subfield>
      <marc:subfield code="i">Plus</marc:subfield>
      <marc:subfield code="x">0990-4395</marc:subfield>
    </marc:datafield>
    <marc:datafield tag="308" ind1=" " ind2=" ">
      <marc:subfield code="a">Numéro dans la collection principale : 1006</marc:subfield>
    </marc:datafield>
    <marc:datafield tag="410" ind1=" " ind2="0">
      <marc:subfield code="0">FRBNF34248604</marc:subfield>
      <marc:subfield code="t">Bibliothèque verte</marc:subfield>
      <marc:subfield code="i">Plus</marc:subfield>
      <marc:subfield code="x">0990-4395</marc:subfield>
    </marc:datafield>
    <marc:datafield tag="410" ind1=" " ind2="0">
      <marc:subfield code="0">FRBNF34234553</marc:subfield>
      <marc:subfield code="t">Bibliothèque verte</marc:subfield>
      <marc:subfield code="x">0768-0864</marc:subfield>
      <marc:subfield code="v">1006</marc:subfield>
    </marc:datafield>
    <marc:datafield tag="702" ind1=" " ind2="1">
      <marc:subfield code="3">FRBNF12111051</marc:subfield>
      <marc:subfield code="7">ba0yba0y</marc:subfield>
      <marc:subfield code="8">frefre</marc:subfield>
      <marc:subfield code="o">ISNI 0000 0000 0007 6233</marc:subfield>
      <marc:subfield code="a">Lullien</marc:subfield>
      <marc:subfield code="b">Jean-Claude</marc:subfield>
      <marc:subfield code="4">212</marc:subfield>
    </marc:datafield>
    <marc:datafield tag="577" ind1="1" ind2="1">
      <marc:subfield code="3">UMLRM0020</marc:subfield>
      <marc:subfield code="7">ba0yba0y</marc:subfield>
      <marc:subfield code="8">freeng</marc:subfield>
      <marc:subfield code="a">Stoker, Bram (1847-1912)</marc:subfield>
      <marc:subfield code="t">Dracula</marc:subfield>
      <marc:subfield code="m">Français</marc:subfield>
      <marc:subfield code="w">Molitor</marc:subfield>
      <marc:subfield code="n">Texte noté</marc:subfield>
    </marc:datafield>
    <marc:datafield tag="801" ind1=" " ind2="0">
      <marc:subfield code="a">FR</marc:subfield>
      <marc:subfield code="b">FR-751131015</marc:subfield>
      <marc:subfield code="c">20220701</marc:subfield>
      <marc:subfield code="g">RDA-FR</marc:subfield>
      <marc:subfield code="h">FRBNF349969370000004</marc:subfield>
    </marc:datafield>
  </marc:record>