
  <marc:record>
    <marc:leader>00927nam a2200205 i 4500</marc:leader>
    <marc:controlfield tag="001">UMLRM0036</marc:controlfield>
    <marc:datafield tag="010" ind1=" " ind2=" ">
      <marc:subfield code="a">2-7098-0973-7</marc:subfield>
      <marc:subfield code="b">Relié</marc:subfield>
      <marc:subfield code="d">69 F</marc:subfield>
    </marc:datafield>
    <marc:datafield tag="100" ind1=" " ind2=" ">
      <marc:subfield code="a">20221031d1998    x  y0frey50      ba</marc:subfield>
    </marc:datafield>
    <marc:datafield tag="102" ind1=" " ind2=" ">
      <marc:subfield code="a">FR</marc:subfield>
    </marc:datafield>
    <marc:datafield tag="181" ind1=" " ind2=" ">
      <marc:subfield code="a">i </marc:subfield>
      <marc:subfield code="b">axxe  </marc:subfield>
      <marc:subfield code="a">b </marc:subfield>
      <marc:subfield code="b">xb2e  </marc:subfield>
    </marc:datafield>
    <marc:datafield tag="182" ind1=" " ind2=" ">
      <marc:subfield code="a">n</marc:subfield>
    </marc:datafield>
    <marc:datafield tag="183" ind1=" " ind2=" ">
      <marc:subfield code="a">nga</marc:subfield>
      <marc:subfield code="2">RDAfrCarrier</marc:subfield>
    </marc:datafield>
    <marc:datafield tag="200" ind1="1" ind2=" ">
      <marc:subfield code="a">Dracula</marc:subfield>
      <marc:subfield code="e">[version abrégée]</marc:subfield>
      <marc:subfield code="f">d'après Bram Stoker</marc:subfield>
      <marc:subfield code="g">illustré par Tudor Humphries</marc:subfield>
      <marc:subfield code="g">[traduit par Michèle Jouve]</marc:subfield>
    </marc:datafield>
    <marc:datafield tag="214" ind1=" " ind2="0">
      <marc:subfield code="a">Paris</marc:subfield>
      <marc:subfield code="a">Bruxelles</marc:subfield>
      <marc:subfield code="a">Montréal [etc.]</marc:subfield>
      <marc:subfield code="c">Sélection du "Reader's digest"</marc:subfield>
      <marc:subfield code="d">1998</marc:subfield>
    </marc:datafield>
    <marc:datafield tag="214" ind1=" " ind2="3">
      <marc:subfield code="a">Chine</marc:subfield>
    </marc:datafield>
    <marc:datafield tag="215" ind1=" " ind2=" ">
      <marc:subfield code="a">1 volume (64 pages)</marc:subfield>
      <marc:subfield code="c">couverture illustrée en couleur</marc:subfield>
      <marc:subfield code="d">27 cm</marc:subfield>
    </marc:datafield>
    <marc:datafield tag="225" ind1="0" ind2=" ">
      <marc:subfield code="a">La bibliothèque des classiques</marc:subfield>
      <marc:subfield code="e">dès 7 ans</marc:subfield>
    </marc:datafield>
    <marc:datafield tag="410" ind1=" " ind2="0">
      <marc:subfield code="0">FRBNF36591387</marc:subfield>
      <marc:subfield code="t">La bibliothèque des classiques (Sélection du "Reader's digest")</marc:subfield>
      <marc:subfield code="d">1998</marc:subfield>
    </marc:datafield>
    <marc:datafield tag="577" ind1="1" ind2="1">
      <marc:subfield code="3">UMLRM0035</marc:subfield>
      <marc:subfield code="7">ba0yba0y</marc:subfield>
      <marc:subfield code="8">freeng</marc:subfield>
      <marc:subfield code="a">Humphries, Tudor (1953-….)</marc:subfield>
      <marc:subfield code="t">Dracula</marc:subfield>
      <marc:subfield code="m">Français</marc:subfield>
      <marc:subfield code="n">Texte noté. Image fixe</marc:subfield>
    </marc:datafield>
    <marc:datafield tag="801" ind1=" " ind2="0">
      <marc:subfield code="a">FR</marc:subfield>
      <marc:subfield code="b">FR-751052119</marc:subfield>
      <marc:subfield code="c">20221031</marc:subfield>
      <marc:subfield code="g">RDA-FR</marc:subfield>
      <marc:subfield code="h">FRBNF367131730000002</marc:subfield>
    </marc:datafield>
  </marc:record>