
  <marc:record>
    <marc:leader>01089cam a2200241 i 4500</marc:leader>
    <marc:controlfield tag="001">UMLRM0039</marc:controlfield>
    <marc:controlfield tag="005">20221005######.D</marc:controlfield>
    <marc:datafield tag="010" ind1=" " ind2=" ">
      <marc:subfield code="a">2-08-072306-5</marc:subfield>
      <marc:subfield code="b">Broché</marc:subfield>
      <marc:subfield code="d">4 EUR</marc:subfield>
    </marc:datafield>
    <marc:datafield tag="100" ind1=" " ind2=" ">
      <marc:subfield code="a">20061201d2006    x  y0frey50      ba</marc:subfield>
    </marc:datafield>
    <marc:datafield tag="102" ind1=" " ind2=" ">
      <marc:subfield code="a">FR</marc:subfield>
    </marc:datafield>
    <marc:datafield tag="181" ind1=" " ind2=" ">
      <marc:subfield code="a">i </marc:subfield>
      <marc:subfield code="b">axxe  </marc:subfield>
    </marc:datafield>
    <marc:datafield tag="182" ind1=" " ind2=" ">
      <marc:subfield code="a">n</marc:subfield>
    </marc:datafield>
    <marc:datafield tag="183" ind1=" " ind2=" ">
      <marc:subfield code="a">nga</marc:subfield>
      <marc:subfield code="2">RDAfrCarrier</marc:subfield>
    </marc:datafield>
    <marc:datafield tag="200" ind1="1" ind2=" ">
      <marc:subfield code="a">Dracula</marc:subfield>
      <marc:subfield code="e">[extraits]</marc:subfield>
      <marc:subfield code="f">Bram Stoker</marc:subfield>
      <marc:subfield code="g">traduction par Jacques Finné</marc:subfield>
      <marc:subfield code="g">présentation, notes, choix des extraits et dossier par Anne Cassou-Noguès et Marie-Aude de Langenhagen,...</marc:subfield>
    </marc:datafield>
    <marc:datafield tag="205" ind1=" " ind2=" ">
      <marc:subfield code="a">Édition revue</marc:subfield>
    </marc:datafield>
    <marc:datafield tag="214" ind1=" " ind2="0">
      <marc:subfield code="a">[Paris]</marc:subfield>
      <marc:subfield code="c">Flammarion</marc:subfield>
    </marc:datafield>
    <marc:datafield tag="214" ind1=" " ind2="3">
      <marc:subfield code="a">Manchecourt (Loiret, France)</marc:subfield>
      <marc:subfield code="c">Imprimerie Maury-Eurolivres</marc:subfield>
      <marc:subfield code="d">2006</marc:subfield>
    </marc:datafield>
    <marc:datafield tag="215" ind1=" " ind2=" ">
      <marc:subfield code="a">1 volume (222 pages)</marc:subfield>
      <marc:subfield code="c">couverture illustrée</marc:subfield>
      <marc:subfield code="d">18 cm</marc:subfield>
    </marc:datafield>
    <marc:datafield tag="225" ind1="0" ind2=" ">
      <marc:subfield code="a">Étonnants classiques</marc:subfield>
      <marc:subfield code="x">269-8822</marc:subfield>
      <marc:subfield code="v">188</marc:subfield>
    </marc:datafield>
    <marc:datafield tag="410" ind1=" " ind2="0">
      <marc:subfield code="0">FRBNF34288999</marc:subfield>
      <marc:subfield code="t">Étonnants classiques (Paris)</marc:subfield>
      <marc:subfield code="x">1269-8822</marc:subfield>
      <marc:subfield code="v">188</marc:subfield>
    </marc:datafield>
    <marc:datafield tag="410" ind1=" " ind2="0">
      <marc:subfield code="0">FRBNF34234516</marc:subfield>
      <marc:subfield code="t">G.F.</marc:subfield>
      <marc:subfield code="x">0768-0465</marc:subfield>
      <marc:subfield code="d">2006</marc:subfield>
    </marc:datafield>
    <marc:datafield tag="577" ind1="1" ind2="1">
      <marc:subfield code="3">UMLRM0038</marc:subfield>
      <marc:subfield code="7">ba0yba0y</marc:subfield>
      <marc:subfield code="8">freeng</marc:subfield>
      <marc:subfield code="a">Stoker, Bram (1847-1912)</marc:subfield>
      <marc:subfield code="t">Dracula</marc:subfield>
      <marc:subfield code="c">Choix</marc:subfield>
      <marc:subfield code="k">Cassou-Noguès ; Langenhagen</marc:subfield>
      <marc:subfield code="m">Français</marc:subfield>
      <marc:subfield code="w">Finné</marc:subfield>
      <marc:subfield code="n">Texte noté</marc:subfield>
      <marc:subfield code="o">2006</marc:subfield>
    </marc:datafield>
    <marc:datafield tag="801" ind1=" " ind2="0">
      <marc:subfield code="a">FR</marc:subfield>
      <marc:subfield code="b"> FR-751131010</marc:subfield>
      <marc:subfield code="c">20061201</marc:subfield>
      <marc:subfield code="g">RDA-FR</marc:subfield>
      <marc:subfield code="h">FRBNF409497600000000</marc:subfield>
    </marc:datafield>
  </marc:record>