
  <marc:record>
    <marc:leader>00940nam a2200241 i 4500</marc:leader>
    <marc:controlfield tag="001">UMLRM0042</marc:controlfield>
    <marc:datafield tag="010" ind1=" " ind2=" ">
      <marc:subfield code="a">978-2-290-05740-7</marc:subfield>
      <marc:subfield code="b">Broché</marc:subfield>
      <marc:subfield code="d">4,70 EUR</marc:subfield>
    </marc:datafield>
    <marc:datafield tag="073" ind1=" " ind2="0">
      <marc:subfield code="a">9782290057407</marc:subfield>
    </marc:datafield>
    <marc:datafield tag="100" ind1=" " ind2=" ">
      <marc:subfield code="a">20220809d2012    x  y0frey50      ba</marc:subfield>
    </marc:datafield>
    <marc:datafield tag="102" ind1=" " ind2=" ">
      <marc:subfield code="a">FR</marc:subfield>
    </marc:datafield>
    <marc:datafield tag="181" ind1=" " ind2=" ">
      <marc:subfield code="a">i </marc:subfield>
      <marc:subfield code="b">axxe  </marc:subfield>
    </marc:datafield>
    <marc:datafield tag="182" ind1=" " ind2=" ">
      <marc:subfield code="a">n</marc:subfield>
    </marc:datafield>
    <marc:datafield tag="183" ind1=" " ind2=" ">
      <marc:subfield code="a">nga</marc:subfield>
      <marc:subfield code="2">RDAfrCarrier</marc:subfield>
    </marc:datafield>
    <marc:datafield tag="200" ind1="1" ind2=" ">
      <marc:subfield code="a">Dracula</marc:subfield>
      <marc:subfield code="e">traduction intégrale</marc:subfield>
      <marc:subfield code="f">Bram Stoker</marc:subfield>
      <marc:subfield code="g">traduit de l'anglais par Jacques Sirgent</marc:subfield>
    </marc:datafield>
    <marc:datafield tag="214" ind1=" " ind2="0">
      <marc:subfield code="a">Paris</marc:subfield>
      <marc:subfield code="c">J'ai lu</marc:subfield>
    </marc:datafield>
    <marc:datafield tag="214" ind1=" " ind2="3">
      <marc:subfield code="a">Slovaquie</marc:subfield>
      <marc:subfield code="d">2012</marc:subfield>
    </marc:datafield>
    <marc:datafield tag="215" ind1=" " ind2=" ">
      <marc:subfield code="a">1 volume (679 pages)</marc:subfield>
      <marc:subfield code="c">couverture illustrée en couleur</marc:subfield>
      <marc:subfield code="d"> 18 cm</marc:subfield>
    </marc:datafield>
    <marc:datafield tag="225" ind1="2" ind2=" ">
      <marc:subfield code="a">J'ai lu</marc:subfield>
      <marc:subfield code="i">Fantastique</marc:subfield>
    </marc:datafield>
    <marc:datafield tag="308" ind1=" " ind2=" ">
      <marc:subfield code="a">Numéro dans la collection principale : 10070</marc:subfield>
    </marc:datafield>
    <marc:datafield tag="410" ind1=" " ind2="0">
      <marc:subfield code="0">FRBNF38839512</marc:subfield>
      <marc:subfield code="t"> J'ai lu. Fantastique</marc:subfield>
      <marc:subfield code="x">1633-9541</marc:subfield>
      <marc:subfield code="d">2012</marc:subfield>
    </marc:datafield>
    <marc:datafield tag="410" ind1=" " ind2="0">
      <marc:subfield code="0">FRBNF34229028</marc:subfield>
      <marc:subfield code="t">J'ai lu</marc:subfield>
      <marc:subfield code="x">0291-3623</marc:subfield>
      <marc:subfield code="v">10070</marc:subfield>
    </marc:datafield>
    <marc:datafield tag="577" ind1="1" ind2="1">
      <marc:subfield code="3">UMLRM0041</marc:subfield>
      <marc:subfield code="7">ba0yba0y</marc:subfield>
      <marc:subfield code="8">freeng</marc:subfield>
      <marc:subfield code="a">Stoker, Bram (1847-1912)</marc:subfield>
      <marc:subfield code="t">Dracula</marc:subfield>
      <marc:subfield code="m">Français</marc:subfield>
      <marc:subfield code="w">Sirgent</marc:subfield>
      <marc:subfield code="n">Texte noté</marc:subfield>
    </marc:datafield>
    <marc:datafield tag="801" ind1=" " ind2="0">
      <marc:subfield code="a">FR</marc:subfield>
      <marc:subfield code="b">FR-341725402</marc:subfield>
      <marc:subfield code="c">20220809</marc:subfield>
      <marc:subfield code="g">RDA-FR</marc:subfield>
      <marc:subfield code="h">FRBNF42766364000000X</marc:subfield>
    </marc:datafield>
  </marc:record>