
  <marc:record>
    <marc:leader>00665cam a2200181 i 4500</marc:leader>
    <marc:controlfield tag="001">UMLRM0051</marc:controlfield>
    <marc:controlfield tag="005">20220930######.D</marc:controlfield>
    <marc:datafield tag="010" ind1=" " ind2=" ">
      <marc:subfield code="a">978-2-36394-134-3</marc:subfield>
      <marc:subfield code="b">Relié</marc:subfield>
      <marc:subfield code="d">11,90 EUR</marc:subfield>
    </marc:datafield>
    <marc:datafield tag="100" ind1=" " ind2=" ">
      <marc:subfield code="a">20220930d2013    x  y0frey50      ba </marc:subfield>
    </marc:datafield>
    <marc:datafield tag="181" ind1=" " ind2=" ">
      <marc:subfield code="a">i </marc:subfield>
      <marc:subfield code="b">axxe  </marc:subfield>
    </marc:datafield>
    <marc:datafield tag="182" ind1=" " ind2=" ">
      <marc:subfield code="a">n</marc:subfield>
    </marc:datafield>
    <marc:datafield tag="183" ind1=" " ind2=" ">
      <marc:subfield code="a">nga</marc:subfield>
      <marc:subfield code="2">RDAfrCarrier</marc:subfield>
    </marc:datafield>
    <marc:datafield tag="200" ind1="1" ind2=" ">
      <marc:subfield code="a">Dracula</marc:subfield>
      <marc:subfield code="f">Bram Stoker</marc:subfield>
      <marc:subfield code="g">traduit de l'anglais par Jacques Finné</marc:subfield>
    </marc:datafield>
    <marc:datafield tag="214" ind1=" " ind2="0">
      <marc:subfield code="a">[Paris]</marc:subfield>
      <marc:subfield code="c">Pointdeux</marc:subfield>
      <marc:subfield code="d">DL 2013</marc:subfield>
    </marc:datafield>
    <marc:datafield tag="214" ind1=" " ind2="3">
      <marc:subfield code="a">Pays-Bas</marc:subfield>
    </marc:datafield>
    <marc:datafield tag="215" ind1=" " ind2=" ">
      <marc:subfield code="a">1 volume (919 pages)</marc:subfield>
      <marc:subfield code="c">couverture illustrée</marc:subfield>
      <marc:subfield code="d">9 x 12 cm</marc:subfield>
    </marc:datafield>
    <marc:datafield tag="577" ind1="1" ind2="1">
      <marc:subfield code="3">UMLRM0050</marc:subfield>
      <marc:subfield code="7">ba0yba0y</marc:subfield>
      <marc:subfield code="8">freeng</marc:subfield>
      <marc:subfield code="a">Stoker, Bram (1847-1912)</marc:subfield>
      <marc:subfield code="t">Dracula</marc:subfield>
      <marc:subfield code="m">Français</marc:subfield>
      <marc:subfield code="w">Finné</marc:subfield>
      <marc:subfield code="n">Texte noté</marc:subfield>
    </marc:datafield>
    <marc:datafield tag="801" ind1=" " ind2="0">
      <marc:subfield code="a">FR</marc:subfield>
      <marc:subfield code="b">FR-751052119</marc:subfield>
      <marc:subfield code="c">20220930</marc:subfield>
      <marc:subfield code="g">RDA-FR</marc:subfield>
      <marc:subfield code="h">FRBNF435396370000008</marc:subfield>
    </marc:datafield>
  </marc:record>