
  <marc:record>
    <marc:leader>01821nam a2200229 i 4500</marc:leader>
    <marc:controlfield tag="001">UMLRM0069</marc:controlfield>
    <marc:datafield tag="010" ind1=" " ind2=" ">
      <marc:subfield code="a">978-2-211-30470-2‎</marc:subfield>
      <marc:subfield code="b">Broché‎</marc:subfield>
      <marc:subfield code="d">5,50 EUR</marc:subfield>
    </marc:datafield>
    <marc:datafield tag="100" ind1=" " ind2=" ">
      <marc:subfield code="a">20220819d2015    x  y0frey50      ba</marc:subfield>
    </marc:datafield>
    <marc:datafield tag="102" ind1=" " ind2=" ">
      <marc:subfield code="a">FR</marc:subfield>
    </marc:datafield>
    <marc:datafield tag="181" ind1=" " ind2=" ">
      <marc:subfield code="a">i </marc:subfield>
      <marc:subfield code="b">axxe  </marc:subfield>
    </marc:datafield>
    <marc:datafield tag="182" ind1=" " ind2=" ">
      <marc:subfield code="a">n</marc:subfield>
    </marc:datafield>
    <marc:datafield tag="183" ind1=" " ind2=" ">
      <marc:subfield code="a">nga</marc:subfield>
      <marc:subfield code="2">RDAfrCarrier</marc:subfield>
    </marc:datafield>
    <marc:datafield tag="200" ind1="1" ind2=" ">
      <marc:subfield code="a">Dracula‎</marc:subfield>
      <marc:subfield code="f">Bram Stoker‎</marc:subfield>
      <marc:subfield code="g">traduit de l'anglais par Lucienne Molitor‎</marc:subfield>
      <marc:subfield code="g">abrégé par Boris Moissard</marc:subfield>
    </marc:datafield>
    <marc:datafield tag="214" ind1=" " ind2="0">
      <marc:subfield code="a">Paris‎</marc:subfield>
      <marc:subfield code="c">l'École des loisirs‎</marc:subfield>
      <marc:subfield code="d">DL 2019</marc:subfield>
    </marc:datafield>
    <marc:datafield tag="214" ind1=" " ind2="3">
      <marc:subfield code="a">27-Mesnil-sur-l'Estrée‎</marc:subfield>
      <marc:subfield code="c">Imprimerie CPI Firmin-Didot</marc:subfield>
    </marc:datafield>
    <marc:datafield tag="215" ind1=" " ind2=" ">
      <marc:subfield code="a">1 volume (232 pages)‎</marc:subfield>
      <marc:subfield code="c">couverture illustrée</marc:subfield>
      <marc:subfield code="d">19 cm</marc:subfield>
    </marc:datafield>
    <marc:datafield tag="225" ind1="0" ind2=" ">
      <marc:subfield code="a">Classiques</marc:subfield>
      <marc:subfield code="e">texte abrégé</marc:subfield>
    </marc:datafield>
    <marc:datafield tag="305" ind1=" " ind2=" ">
      <marc:subfield code="a">Autre tirage : 2020</marc:subfield>
    </marc:datafield>
    <marc:datafield tag="330" ind1=" " ind2=" ">
      <marc:subfield code="a">Jonathan Harker, jeune clerc de notaire britannique, est envoyé par son étude dans un sinistre château de Transylvanie afin d'y négocier avec un certain comte Dracula l'achat d'une propriété en Angleterre. Il ne tarde pas à découvrir l'effroyable secret de son hôte : cette créature est un mort-vivant, un vampire qui repose dans un cercueil dont il sort la nuit pour étancher sa soif de sang - et le jeune homme est son prisonnier. Le comte Dracula part pour l'Angleterre où il choisit pour première victime Lucy, amie de la fiancée de Jonathan, avant de s'attaquer à la fiancée elle-même... Un roman gothique au procédé narratif novateur : lettres, extraits du journal de Jonathan, articles de presse, et même transcription d'enregistrements phonographiques ! La chasse au vampire est ouverte....‎</marc:subfield>
      <marc:subfield code="2">éditeur</marc:subfield>
    </marc:datafield>
    <marc:datafield tag="410" ind1=" " ind2="0">
      <marc:subfield code="0">FRBNF45544536</marc:subfield>
      <marc:subfield code="t">Classiques (École des loisirs)</marc:subfield>
      <marc:subfield code="x">2610-2099</marc:subfield>
      <marc:subfield code="d">2019</marc:subfield>
    </marc:datafield>
    <marc:datafield tag="577" ind1="1" ind2="1">
      <marc:subfield code="3">UMLRM0068</marc:subfield>
      <marc:subfield code="7">ba0yba0y</marc:subfield>
      <marc:subfield code="8">freeng</marc:subfield>
      <marc:subfield code="a">Stoker, Bram (1847-1912)</marc:subfield>
      <marc:subfield code="t">Dracula</marc:subfield>
      <marc:subfield code="m">Français</marc:subfield>
      <marc:subfield code="w">Molitor</marc:subfield>
      <marc:subfield code="l">Version abrégée</marc:subfield>
      <marc:subfield code="w">Moissard</marc:subfield>
      <marc:subfield code="n">Texte noté</marc:subfield>
    </marc:datafield>
    <marc:datafield tag="801" ind1=" " ind2="0">
      <marc:subfield code="a">FR</marc:subfield>
      <marc:subfield code="b">FR-751131015</marc:subfield>
      <marc:subfield code="c">20220819</marc:subfield>
      <marc:subfield code="g">RDA-FR</marc:subfield>
      <marc:subfield code="h">FRBNF45795045000000X</marc:subfield>
    </marc:datafield>
  </marc:record>