
  <marc:record>
    <marc:leader>01003ngm a2200253 i 4500</marc:leader>
    <marc:controlfield tag="001">UMLRM0080</marc:controlfield>
    <marc:datafield tag="071" ind1="4" ind2="1">
      <marc:subfield code="a">SRLP 5041-2</marc:subfield>
      <marc:subfield code="c">Sony pictures entertainment</marc:subfield>
    </marc:datafield>
    <marc:datafield tag="073" ind1=" " ind2="0">
      <marc:subfield code="a">4988009704159</marc:subfield>
    </marc:datafield>
    <marc:datafield tag="100" ind1=" " ind2=" ">
      <marc:subfield code="a">20120710d1993    x  y0frey50      ba</marc:subfield>
    </marc:datafield>
    <marc:datafield tag="102" ind1=" " ind2=" ">
      <marc:subfield code="a"> US</marc:subfield>
    </marc:datafield>
    <marc:datafield tag="115" ind1=" " ind2=" ">
      <marc:subfield code="a">c   baizxux    bgxxb</marc:subfield>
    </marc:datafield>
    <marc:datafield tag="181" ind1=" " ind2=" ">
      <marc:subfield code="6">01</marc:subfield>
      <marc:subfield code="a">b</marc:subfield>
      <marc:subfield code="b">xa2ae </marc:subfield>
    </marc:datafield>
    <marc:datafield tag="181" ind1=" " ind2=" ">
      <marc:subfield code="6">02</marc:subfield>
      <marc:subfield code="c">tdi</marc:subfield>
      <marc:subfield code="2">rda-frcontent</marc:subfield>
    </marc:datafield>
    <marc:datafield tag="182" ind1=" " ind2=" ">
      <marc:subfield code="6">01</marc:subfield>
      <marc:subfield code="a">g</marc:subfield>
    </marc:datafield>
    <marc:datafield tag="182" ind1=" " ind2=" ">
      <marc:subfield code="6">02</marc:subfield>
      <marc:subfield code="c">v</marc:subfield>
      <marc:subfield code="2">rda-frmedia</marc:subfield>
    </marc:datafield>
    <marc:datafield tag="183" ind1=" " ind2=" ">
      <marc:subfield code="6">02</marc:subfield>
      <marc:subfield code="a">vcc</marc:subfield>
      <marc:subfield code="2">rda-frcarrier</marc:subfield>
    </marc:datafield>
    <marc:datafield tag="200" ind1="1" ind2=" ">
      <marc:subfield code="a">Bram Stoker's Dracula</marc:subfield>
      <marc:subfield code="e">a Francis Ford Coppola film</marc:subfield>
      <marc:subfield code="f">Gary Oldman, Winona Ryder, Anthony Hopkins... [et autres], [acteurs]</marc:subfield>
      <marc:subfield code="g">[James V. Hart, scénario]</marc:subfield>
      <marc:subfield code="g">[Wojciech Kilar, compositeur]</marc:subfield>
    </marc:datafield>
    <marc:datafield tag="214" ind1=" " ind2="0">
      <marc:subfield code="a">Tokyo</marc:subfield>
      <marc:subfield code="c">Sony pictures entertainment</marc:subfield>
      <marc:subfield code="d">1993</marc:subfield>
    </marc:datafield>
    <marc:datafield tag="214" ind1=" " ind2="4">
      <marc:subfield code="d">1992</marc:subfield>
    </marc:datafield>
    <marc:datafield tag="215" ind1=" " ind2=" ">
      <marc:subfield code="a">2 LaserDiscs</marc:subfield>
      <marc:subfield code="c"> 4/3, NTSC</marc:subfield>
    </marc:datafield>
    <marc:datafield tag="304" ind1=" " ind2=" ">
      <marc:subfield code="a">Notice rédigée d'après la jaquette</marc:subfield>
    </marc:datafield>
    <marc:datafield tag="306" ind1=" " ind2=" ">
      <marc:subfield code="a">Siège de Sony pictures entertainment : Culver City en Californie</marc:subfield>
    </marc:datafield>
    <marc:datafield tag="507" ind1=" " ind2=" ">
      <marc:subfield code="3">UMLRM0079</marc:subfield>
      <marc:subfield code="a">Bram Stoker's Dracula</marc:subfield>
      <marc:subfield code="c">film</marc:subfield>
      <marc:subfield code="m">Anglais</marc:subfield>
    </marc:datafield>
    <marc:datafield tag="801" ind1=" " ind2="0">
      <marc:subfield code="a">FR</marc:subfield>
      <marc:subfield code="b">FR-141186101</marc:subfield>
      <marc:subfield code="c"> 20220728</marc:subfield>
      <marc:subfield code="g">RDA-FR</marc:subfield>
      <marc:subfield code="h">FRBNF427059360000001</marc:subfield>
    </marc:datafield>
  </marc:record>