
  <marc:record>
    <marc:leader>00772cam a2200181 i 4500</marc:leader>
    <marc:controlfield tag="001">UMLRM0083</marc:controlfield>
    <marc:controlfield tag="005">20220926</marc:controlfield>
    <marc:datafield tag="010" ind1=" " ind2=" ">
      <marc:subfield code="a">2-7298-2533-9</marc:subfield>
      <marc:subfield code="b">Broché</marc:subfield>
      <marc:subfield code="d">21,50 EUR</marc:subfield>
    </marc:datafield>
    <marc:datafield tag="100" ind1=" " ind2=" ">
      <marc:subfield code="a">20220926d2005    x  y0frey50      ba </marc:subfield>
    </marc:datafield>
    <marc:datafield tag="181" ind1=" " ind2=" ">
      <marc:subfield code="a">i3</marc:subfield>
      <marc:subfield code="b">axxe   </marc:subfield>
    </marc:datafield>
    <marc:datafield tag="182" ind1=" " ind2=" ">
      <marc:subfield code="a">n </marc:subfield>
    </marc:datafield>
    <marc:datafield tag="183" ind1=" " ind2=" ">
      <marc:subfield code="a">nga</marc:subfield>
      <marc:subfield code="2">RDAfrCarrier </marc:subfield>
    </marc:datafield>
    <marc:datafield tag="200" ind1="1" ind2=" ">
      <marc:subfield code="a">"Dracula"</marc:subfield>
      <marc:subfield code="e">l'oeuvre de Bram Stoker et le film de Francis F. Coppola</marc:subfield>
      <marc:subfield code="f">ouvrage dirigé par Gilles Menegaldo et Dominique Sipière</marc:subfield>
    </marc:datafield>
    <marc:datafield tag="214" ind1=" " ind2="0">
      <marc:subfield code="a">Paris</marc:subfield>
      <marc:subfield code="c">Ellipses</marc:subfield>
    </marc:datafield>
    <marc:datafield tag="214" ind1=" " ind2="3">
      <marc:subfield code="a">86-Ligugé</marc:subfield>
      <marc:subfield code="c">Aubin imprimeur</marc:subfield>
      <marc:subfield code="d">2005</marc:subfield>
    </marc:datafield>
    <marc:datafield tag="215" ind1=" " ind2=" ">
      <marc:subfield code="a">1 volume (379 pages)</marc:subfield>
      <marc:subfield code="c">couverture illustrée</marc:subfield>
      <marc:subfield code="d">24 cm</marc:subfield>
    </marc:datafield>
    <marc:datafield tag="507" ind1="1" ind2=" ">
      <marc:subfield code="3">UMLRM0082</marc:subfield>
      <marc:subfield code="7">ba0yba0y</marc:subfield>
      <marc:subfield code="8">frefre</marc:subfield>
      <marc:subfield code="a">"Dracula" : l'oeuvre de Bram Stoker et le film de Francis F. Coppola</marc:subfield>
      <marc:subfield code="m">Français-Anglais</marc:subfield>
      <marc:subfield code="n">Texte noté</marc:subfield>
    </marc:datafield>
    <marc:datafield tag="801" ind1=" " ind2="0">
      <marc:subfield code="a">FR</marc:subfield>
      <marc:subfield code="b">FR-751045101</marc:subfield>
      <marc:subfield code="c">20220926</marc:subfield>
      <marc:subfield code="g">RDA-FR</marc:subfield>
      <marc:subfield code="h">FRBNF400477840000009</marc:subfield>
    </marc:datafield>
  </marc:record>