
  <marc:record>
    <marc:leader>00994cam a2200217 i 4500</marc:leader>
    <marc:controlfield tag="001">UMLRM0086</marc:controlfield>
    <marc:controlfield tag="005">20220908</marc:controlfield>
    <marc:datafield tag="010" ind1=" " ind2=" ">
      <marc:subfield code="a">978-2-84734-801-9</marc:subfield>
      <marc:subfield code="b">Broché</marc:subfield>
      <marc:subfield code="d">11 EUR</marc:subfield>
    </marc:datafield>
    <marc:datafield tag="100" ind1=" " ind2=" ">
      <marc:subfield code="a">20220908d2011    x  y0frey50      ba</marc:subfield>
    </marc:datafield>
    <marc:datafield tag="181" ind1=" " ind2=" ">
      <marc:subfield code="a">i3</marc:subfield>
      <marc:subfield code="b">axxe   </marc:subfield>
    </marc:datafield>
    <marc:datafield tag="182" ind1=" " ind2=" ">
      <marc:subfield code="a">n </marc:subfield>
    </marc:datafield>
    <marc:datafield tag="183" ind1=" " ind2=" ">
      <marc:subfield code="a">nga</marc:subfield>
      <marc:subfield code="2">RDAfrCarrier</marc:subfield>
    </marc:datafield>
    <marc:datafield tag="200" ind1="1" ind2=" ">
      <marc:subfield code="a">Dracula</marc:subfield>
      <marc:subfield code="f">Matei Cazacu</marc:subfield>
    </marc:datafield>
    <marc:datafield tag="214" ind1=" " ind2="0">
      <marc:subfield code="a">Paris</marc:subfield>
      <marc:subfield code="c">Tallandier</marc:subfield>
    </marc:datafield>
    <marc:datafield tag="214" ind1=" " ind2="3">
      <marc:subfield code="a">61-Lonrai</marc:subfield>
      <marc:subfield code="c">Normandie roto impression</marc:subfield>
      <marc:subfield code="d">2011</marc:subfield>
    </marc:datafield>
    <marc:datafield tag="215" ind1=" " ind2=" ">
      <marc:subfield code="a">1 volume (497 pages)</marc:subfield>
      <marc:subfield code="c">couverture illustrée en couleur</marc:subfield>
      <marc:subfield code="d">18 cm</marc:subfield>
    </marc:datafield>
    <marc:datafield tag="225" ind1="0" ind2=" ">
      <marc:subfield code="a">Texto</marc:subfield>
      <marc:subfield code="e">le goût de l'histoire</marc:subfield>
      <marc:subfield code="x">1957-9322</marc:subfield>
    </marc:datafield>
    <marc:datafield tag="378" ind1=" " ind2=" ">
      <marc:subfield code="a">Cette biographie retrace la vie de Dracula, alias Vlad l'Empaleur, prince de Valachie au XVe siècle. Loin du mythe littéraire et cinématographique, il donne une reconstitution historique des faits</marc:subfield>
      <marc:subfield code="b">Electre</marc:subfield>
      <marc:subfield code="z">fre</marc:subfield>
    </marc:datafield>
    <marc:datafield tag="410" ind1=" " ind2="0">
      <marc:subfield code="3">41072775</marc:subfield>
      <marc:subfield code="t">Texto (Paris. 2007)</marc:subfield>
      <marc:subfield code="x">1957-9322</marc:subfield>
      <marc:subfield code="d">2011</marc:subfield>
    </marc:datafield>
    <marc:datafield tag="577" ind1="1" ind2="1">
      <marc:subfield code="3">UMLRM0085</marc:subfield>
      <marc:subfield code="7">ba0yba0y</marc:subfield>
      <marc:subfield code="8">frefre</marc:subfield>
      <marc:subfield code="a">Cazacu, Matei (1946-....)</marc:subfield>
      <marc:subfield code="t">Dracula</marc:subfield>
      <marc:subfield code="m">Français</marc:subfield>
      <marc:subfield code="n">Texte noté</marc:subfield>
    </marc:datafield>
    <marc:datafield tag="801" ind1=" " ind2="0">
      <marc:subfield code="a">FR</marc:subfield>
      <marc:subfield code="b">FR-751045101</marc:subfield>
      <marc:subfield code="c">20220908</marc:subfield>
      <marc:subfield code="g">RDA-FR</marc:subfield>
      <marc:subfield code="h">FRBNF424394870000004</marc:subfield>
    </marc:datafield>
  </marc:record>