
  <marc:record>
    <marc:leader>00911cam a2200217 i 4500</marc:leader>
    <marc:controlfield tag="001">UMLRM0089</marc:controlfield>
    <marc:datafield tag="033" ind1=" " ind2=" ">
      <marc:subfield code="a">http://catalogue.bnf.fr/ark:/12148/cb400892612</marc:subfield>
      <marc:subfield code="2">BnF</marc:subfield>
    </marc:datafield>
    <marc:datafield tag="010" ind1=" " ind2=" ">
      <marc:subfield code="b">Broché</marc:subfield>
      <marc:subfield code="d">24 EUR</marc:subfield>
    </marc:datafield>
    <marc:datafield tag="020" ind1=" " ind2=" ">
      <marc:subfield code="a">FR</marc:subfield>
      <marc:subfield code="b">00601070</marc:subfield>
    </marc:datafield>
    <marc:datafield tag="073" ind1=" " ind2="0">
      <marc:subfield code="a">9782844783868</marc:subfield>
    </marc:datafield>
    <marc:datafield tag="100" ind1=" " ind2=" ">
      <marc:subfield code="a">20051228d2005    x  y0frey50      ba</marc:subfield>
    </marc:datafield>
    <marc:datafield tag="102" ind1=" " ind2=" ">
      <marc:subfield code="a">FR</marc:subfield>
    </marc:datafield>
    <marc:datafield tag="181" ind1=" " ind2=" ">
      <marc:subfield code="a">i</marc:subfield>
      <marc:subfield code="b">axxe  </marc:subfield>
    </marc:datafield>
    <marc:datafield tag="182" ind1=" " ind2=" ">
      <marc:subfield code="a">n</marc:subfield>
    </marc:datafield>
    <marc:datafield tag="183" ind1=" " ind2=" ">
      <marc:subfield code="a">nga</marc:subfield>
      <marc:subfield code="2">RDAfrCarrier</marc:subfield>
    </marc:datafield>
    <marc:datafield tag="200" ind1="1" ind2=" ">
      <marc:subfield code="a">Le vampire au fil des siècles</marc:subfield>
      <marc:subfield code="e">enquête autour d'un mythe</marc:subfield>
      <marc:subfield code="f">Estelle Valls de Gomis</marc:subfield>
    </marc:datafield>
    <marc:datafield tag="214" ind1=" " ind2="0">
      <marc:subfield code="a">Coudray-Macouard</marc:subfield>
      <marc:subfield code="c">Cheminements</marc:subfield>
      <marc:subfield code="d">DL 2005</marc:subfield>
    </marc:datafield>
    <marc:datafield tag="214" ind1=" " ind2="3">
      <marc:subfield code="a">21-Quétigny</marc:subfield>
      <marc:subfield code="c">Imprimerie Darantière</marc:subfield>
    </marc:datafield>
    <marc:datafield tag="215" ind1=" " ind2=" ">
      <marc:subfield code="a">1 volume (471 pages-[16] pages de planches.)</marc:subfield>
      <marc:subfield code="c">couverture illustrée en couleur</marc:subfield>
      <marc:subfield code="d">24 cm</marc:subfield>
    </marc:datafield>
    <marc:datafield tag="577" ind1="1" ind2="1">
      <marc:subfield code="3">UMLRM0088</marc:subfield>
      <marc:subfield code="7">ba0yba0y</marc:subfield>
      <marc:subfield code="8">frefre</marc:subfield>
      <marc:subfield code="a">Valls de Gomis, Estelle (1973-...)</marc:subfield>
      <marc:subfield code="t">Le vampire au fil des siècles : enquête autour d'un mythe</marc:subfield>
      <marc:subfield code="m">Français</marc:subfield>
      <marc:subfield code="n">Texte noté</marc:subfield>
    </marc:datafield>
    <marc:datafield tag="801" ind1=" " ind2="0">
      <marc:subfield code="a">FR</marc:subfield>
      <marc:subfield code="b">FR-751131015</marc:subfield>
      <marc:subfield code="c">20220809</marc:subfield>
      <marc:subfield code="g">RDA-FR</marc:subfield>
      <marc:subfield code="h">FRBNF400892610000000</marc:subfield>
    </marc:datafield>
  </marc:record>