
  <marc:record>
    <marc:leader>01434nlm a2200313 i 4500</marc:leader>
    <marc:controlfield tag="001">UMLRM0092</marc:controlfield>
    <marc:datafield tag="071" ind1="6" ind2="1">
      <marc:subfield code="a">NOF854BF-CD</marc:subfield>
      <marc:subfield code="b">Mindscape</marc:subfield>
    </marc:datafield>
    <marc:datafield tag="073" ind1=" " ind2="0">
      <marc:subfield code="a">5390102464769</marc:subfield>
      <marc:subfield code="b">emboîtage</marc:subfield>
    </marc:datafield>
    <marc:datafield tag="073" ind1=" " ind2="0">
      <marc:subfield code="a">5390102464905</marc:subfield>
      <marc:subfield code="b">conteneur</marc:subfield>
    </marc:datafield>
    <marc:datafield tag="100" ind1=" " ind2=" ">
      <marc:subfield code="a">20220923d2005    x  y0frey50      ba</marc:subfield>
    </marc:datafield>
    <marc:datafield tag="102" ind1=" " ind2=" ">
      <marc:subfield code="a">FR</marc:subfield>
    </marc:datafield>
    <marc:datafield tag="135" ind1=" " ind2=" ">
      <marc:subfield code="a">gocga---uuuuu</marc:subfield>
    </marc:datafield>
    <marc:datafield tag="181" ind1=" " ind2="0">
      <marc:subfield code="6">01</marc:subfield>
      <marc:subfield code="a">f</marc:subfield>
      <marc:subfield code="b">xxxae </marc:subfield>
    </marc:datafield>
    <marc:datafield tag="181" ind1=" " ind2=" ">
      <marc:subfield code="6">02</marc:subfield>
      <marc:subfield code="c">cop</marc:subfield>
      <marc:subfield code="2">rdaContent</marc:subfield>
    </marc:datafield>
    <marc:datafield tag="182" ind1=" " ind2="0">
      <marc:subfield code="6">01</marc:subfield>
      <marc:subfield code="a">b</marc:subfield>
    </marc:datafield>
    <marc:datafield tag="182" ind1=" " ind2=" ">
      <marc:subfield code="6">02</marc:subfield>
      <marc:subfield code="c">c</marc:subfield>
      <marc:subfield code="2">rdaMedia</marc:subfield>
    </marc:datafield>
    <marc:datafield tag="183" ind1=" " ind2=" ">
      <marc:subfield code="a">cde</marc:subfield>
      <marc:subfield code="2">rdafrCarrier</marc:subfield>
    </marc:datafield>
    <marc:datafield tag="200" ind1="1" ind2=" ">
      <marc:subfield code="a">Nosferatu</marc:subfield>
      <marc:subfield code="e">the wrath of Malachi</marc:subfield>
      <marc:subfield code="f">Idol FX AB, Pan vision</marc:subfield>
    </marc:datafield>
    <marc:datafield tag="214" ind1=" " ind2="0">
      <marc:subfield code="a">[Clichy]</marc:subfield>
      <marc:subfield code="c">Eidos</marc:subfield>
      <marc:subfield code="a">Boulogne-Billancourt</marc:subfield>
      <marc:subfield code="c">Mindscape</marc:subfield>
      <marc:subfield code="d">[2005]</marc:subfield>
    </marc:datafield>
    <marc:datafield tag="214" ind1=" " ind2="4">
      <marc:subfield code="d">2005</marc:subfield>
    </marc:datafield>
    <marc:datafield tag="215" ind1=" " ind2=" ">
      <marc:subfield code="a">1 disque optique numérique (CD-ROM)</marc:subfield>
      <marc:subfield code="d">12 cm</marc:subfield>
    </marc:datafield>
    <marc:datafield tag="225" ind1="2" ind2=" ">
      <marc:subfield code="a">Hits collection</marc:subfield>
      <marc:subfield code="x">1775-4402</marc:subfield>
    </marc:datafield>
    <marc:datafield tag="230" ind1=" " ind2=" ">
      <marc:subfield code="a">Jeu multimédia</marc:subfield>
    </marc:datafield>
    <marc:datafield tag="304" ind1=" " ind2=" ">
      <marc:subfield code="a">Titre provenant de l'étiquette du support</marc:subfield>
    </marc:datafield>
    <marc:datafield tag="306" ind1=" " ind2=" ">
      <marc:subfield code="a">Date de sortie : 29 mars 2005 d’après Amazon.fr</marc:subfield>
    </marc:datafield>
    <marc:datafield tag="337" ind1=" " ind2=" ">
      <marc:subfield code="a">Configuration requise : PC Pentium III 733 MHz ; 128 Mo de mémoire vive (256 Mo sous Windows XP) ; Windows Millennium, XP ; 350 Mo d'espace disque disponible ; carte graphique 16 Mo 100% compatible Direct3D, affichage 800 x 600 en couleur 16 bits ; carte son 100% compatible DirectX ; lecteur de CD-ROM vitesse x 16 ; DirectX 8.1 (inclus)</marc:subfield>
    </marc:datafield>
    <marc:datafield tag="410" ind1=" " ind2="0">
      <marc:subfield code="0">FRBNF40045125</marc:subfield>
      <marc:subfield code="t"> Hits collection</marc:subfield>
      <marc:subfield code="x">1775-4402</marc:subfield>
      <marc:subfield code="d">2005</marc:subfield>
    </marc:datafield>
    <marc:datafield tag="507" ind1=" " ind2=" ">
      <marc:subfield code="3">UMLRM0091</marc:subfield>
      <marc:subfield code="a">Nosferatu, the wrath of Malachi</marc:subfield>
      <marc:subfield code="c">jeu vidéo</marc:subfield>
      <marc:subfield code="w">PC</marc:subfield>
      <marc:subfield code="m">Français</marc:subfield>
    </marc:datafield>
    <marc:datafield tag="801" ind1=" " ind2="0">
      <marc:subfield code="a">FR</marc:subfield>
      <marc:subfield code="b">FR-751043001</marc:subfield>
      <marc:subfield code="c">20220923</marc:subfield>
      <marc:subfield code="g">RDA-FR</marc:subfield>
      <marc:subfield code="h">FRBNF401412210000007</marc:subfield>
    </marc:datafield>
  </marc:record>