
  <marc:record>
    <marc:leader>01399nlm a2200301 i 4500</marc:leader>
    <marc:controlfield tag="001">UMLRM0095</marc:controlfield>
    <marc:datafield tag="073" ind1=" " ind2="0">
      <marc:subfield code="a">5032921017794</marc:subfield>
    </marc:datafield>
    <marc:datafield tag="100" ind1=" " ind2=" ">
      <marc:subfield code="a">20221104d2003    x  y0frey50      ba</marc:subfield>
    </marc:datafield>
    <marc:datafield tag="102" ind1=" " ind2=" ">
      <marc:subfield code="a">FR</marc:subfield>
    </marc:datafield>
    <marc:datafield tag="135" ind1=" " ind2=" ">
      <marc:subfield code="a">gocga---uuuuu</marc:subfield>
    </marc:datafield>
    <marc:datafield tag="181" ind1=" " ind2="0">
      <marc:subfield code="6">01</marc:subfield>
      <marc:subfield code="a">f</marc:subfield>
      <marc:subfield code="b">xxxae </marc:subfield>
    </marc:datafield>
    <marc:datafield tag="181" ind1=" " ind2=" ">
      <marc:subfield code="6">02</marc:subfield>
      <marc:subfield code="c">cop</marc:subfield>
      <marc:subfield code="2">rdaContent</marc:subfield>
    </marc:datafield>
    <marc:datafield tag="182" ind1=" " ind2="0">
      <marc:subfield code="6">01</marc:subfield>
      <marc:subfield code="a">b</marc:subfield>
    </marc:datafield>
    <marc:datafield tag="182" ind1=" " ind2=" ">
      <marc:subfield code="6">02</marc:subfield>
      <marc:subfield code="c">c</marc:subfield>
      <marc:subfield code="2">rdaMedia</marc:subfield>
    </marc:datafield>
    <marc:datafield tag="183" ind1=" " ind2=" ">
      <marc:subfield code="a">cde</marc:subfield>
      <marc:subfield code="2">rdafrCarrier</marc:subfield>
    </marc:datafield>
    <marc:datafield tag="200" ind1="1" ind2=" ">
      <marc:subfield code="a">Nosferatu</marc:subfield>
      <marc:subfield code="e">the wrath of Malachi</marc:subfield>
      <marc:subfield code="f">Idol FX AB, Pan vision</marc:subfield>
    </marc:datafield>
    <marc:datafield tag="205" ind1=" " ind2=" ">
      <marc:subfield code="a">Version française</marc:subfield>
    </marc:datafield>
    <marc:datafield tag="214" ind1=" " ind2="0">
      <marc:subfield code="a">Courbevoie</marc:subfield>
      <marc:subfield code="c">Neo publishing</marc:subfield>
      <marc:subfield code="d">[2003]</marc:subfield>
    </marc:datafield>
    <marc:datafield tag="214" ind1=" " ind2="4">
      <marc:subfield code="d">2003</marc:subfield>
    </marc:datafield>
    <marc:datafield tag="215" ind1=" " ind2=" ">
      <marc:subfield code="a">1 disque optique numérique (CD-ROM)</marc:subfield>
      <marc:subfield code="d">12 cm</marc:subfield>
      <marc:subfield code="e">1 manuel d'utilisation (20 pages)</marc:subfield>
      <marc:subfield code="e">1feuille de planche</marc:subfield>
    </marc:datafield>
    <marc:datafield tag="225" ind1="1" ind2=" ">
      <marc:subfield code="a">Neo games</marc:subfield>
      <marc:subfield code="v">n° 8</marc:subfield>
    </marc:datafield>
    <marc:datafield tag="230" ind1=" " ind2=" ">
      <marc:subfield code="a">Jeu multimédia</marc:subfield>
    </marc:datafield>
    <marc:datafield tag="304" ind1=" " ind2=" ">
      <marc:subfield code="a">Titre provenant de l'étiquette du support</marc:subfield>
    </marc:datafield>
    <marc:datafield tag="306" ind1=" " ind2=" ">
      <marc:subfield code="a">Date d’après la date de mise à disposition en France</marc:subfield>
    </marc:datafield>
    <marc:datafield tag="337" ind1=" " ind2=" ">
      <marc:subfield code="a">Configuration requise : PC Pentium III 733 MHz ; 128 Mo de mémoire vive (256 Mo sous Windows XP) ; Windows 98, 2000, XP ; 350 Mo d'espace disque disponible ; carte graphique 16 Mo compatible Direct3D, affichage 800 x 600 en couleur 16 bits ; carte son compatible DirectX ; lecteur de CD-ROM quadruple vitesse; DirectX 8.1 (inclus)</marc:subfield>
    </marc:datafield>
    <marc:datafield tag="410" ind1=" " ind2="0">
      <marc:subfield code="0">FRBNF40045125</marc:subfield>
      <marc:subfield code="t"> Hits collection</marc:subfield>
      <marc:subfield code="x">1775-4402</marc:subfield>
      <marc:subfield code="d">2005</marc:subfield>
    </marc:datafield>
    <marc:datafield tag="507" ind1=" " ind2=" ">
      <marc:subfield code="3">UMLRM0091</marc:subfield>
      <marc:subfield code="a">Nosferatu, the wrath of Malachi</marc:subfield>
      <marc:subfield code="c">jeu vidéo</marc:subfield>
      <marc:subfield code="w">PC</marc:subfield>
      <marc:subfield code="m">Français</marc:subfield>
    </marc:datafield>
    <marc:datafield tag="801" ind1=" " ind2="0">
      <marc:subfield code="a">FR</marc:subfield>
      <marc:subfield code="b">FR-751043001</marc:subfield>
      <marc:subfield code="c">20220923</marc:subfield>
      <marc:subfield code="g">RDA-FR</marc:subfield>
      <marc:subfield code="h">FRBNF412738270000008</marc:subfield>
    </marc:datafield>
  </marc:record>