
  <marc:record>
    <marc:leader>01090ngm a2200241 i 4500</marc:leader>
    <marc:controlfield tag="001">UMLRM0107</marc:controlfield>
    <marc:datafield tag="073" ind1=" " ind2="0">
      <marc:subfield code="a">085391106937</marc:subfield>
    </marc:datafield>
    <marc:datafield tag="100" ind1=" " ind2=" ">
      <marc:subfield code="a">20220830d1995    x  y0frey50      ba</marc:subfield>
    </marc:datafield>
    <marc:datafield tag="102" ind1=" " ind2=" ">
      <marc:subfield code="a">US</marc:subfield>
    </marc:datafield>
    <marc:datafield tag="115" ind1=" " ind2=" ">
      <marc:subfield code="a">c   bahoxux    cbxxb</marc:subfield>
    </marc:datafield>
    <marc:datafield tag="181" ind1=" " ind2=" ">
      <marc:subfield code="6">01</marc:subfield>
      <marc:subfield code="a">b</marc:subfield>
      <marc:subfield code="b">xa2ae </marc:subfield>
    </marc:datafield>
    <marc:datafield tag="181" ind1=" " ind2=" ">
      <marc:subfield code="6">02</marc:subfield>
      <marc:subfield code="c">tdi</marc:subfield>
      <marc:subfield code="2">rda-frcontent</marc:subfield>
    </marc:datafield>
    <marc:datafield tag="182" ind1=" " ind2=" ">
      <marc:subfield code="6">01</marc:subfield>
      <marc:subfield code="a">g</marc:subfield>
    </marc:datafield>
    <marc:datafield tag="182" ind1=" " ind2=" ">
      <marc:subfield code="6">02</marc:subfield>
      <marc:subfield code="c">v</marc:subfield>
      <marc:subfield code="2">rda-frmedia</marc:subfield>
    </marc:datafield>
    <marc:datafield tag="183" ind1=" " ind2=" ">
      <marc:subfield code="6">02</marc:subfield>
      <marc:subfield code="a">vba</marc:subfield>
      <marc:subfield code="2">rda-frcarrier</marc:subfield>
    </marc:datafield>
    <marc:datafield tag="200" ind1="1" ind2=" ">
      <marc:subfield code="a">Dracula has risen from the grave‎</marc:subfield>
      <marc:subfield code="f">starring Christopher Lee, Rupert Davies</marc:subfield>
      <marc:subfield code="g">produced by Aïda Young</marc:subfield>
      <marc:subfield code="g">directed by Freddie Francis</marc:subfield>
      <marc:subfield code="g">screenplay by John Elder based on the character created by Bram Stoker</marc:subfield>
      <marc:subfield code="g">a Hammer film production</marc:subfield>
    </marc:datafield>
    <marc:datafield tag="214" ind1=" " ind2="0">
      <marc:subfield code="a">[Burbank, Californie, États-Unis]</marc:subfield>
      <marc:subfield code="c">Warner home video</marc:subfield>
      <marc:subfield code="d">[1995]</marc:subfield>
    </marc:datafield>
    <marc:datafield tag="214" ind1=" " ind2="2">
      <marc:subfield code="a">Paris</marc:subfield>
      <marc:subfield code="c">Warner home video France</marc:subfield>
    </marc:datafield>
    <marc:datafield tag="215" ind1=" " ind2=" ">
      <marc:subfield code="a">1 cassette vidéo</marc:subfield>
      <marc:subfield code="c">VHS, NTSC</marc:subfield>
    </marc:datafield>
    <marc:datafield tag="306" ind1=" " ind2=" ">
      <marc:subfield code="a">Date de publication indiquée par Amazon : 22 août 1995</marc:subfield>
    </marc:datafield>
    <marc:datafield tag="507" ind1="1" ind2=" ">
      <marc:subfield code="3">UMLRM0106</marc:subfield>
      <marc:subfield code="a">Dracula has risen from the grave</marc:subfield>
      <marc:subfield code="c">film</marc:subfield>
      <marc:subfield code="m">Anglais</marc:subfield>
    </marc:datafield>
    <marc:datafield tag="512" ind1="0" ind2="2">
      <marc:subfield code="3">FRBNF13890456</marc:subfield>
      <marc:subfield code="7">ba0yba0y</marc:subfield>
      <marc:subfield code="8">freeng</marc:subfield>
      <marc:subfield code="o">ISNI0000000121626641</marc:subfield>
      <marc:subfield code="a">Warner home video France</marc:subfield>
      <marc:subfield code="4">310</marc:subfield>
    </marc:datafield>
    <marc:datafield tag="801" ind1=" " ind2="0">
      <marc:subfield code="a">FR</marc:subfield>
      <marc:subfield code="b">FR-341725402</marc:subfield>
      <marc:subfield code="c">20220803</marc:subfield>
      <marc:subfield code="g">RDA-FR</marc:subfield>
      <marc:subfield code="h">FRBNF457811890000008</marc:subfield>
    </marc:datafield>
  </marc:record>