
  <marc:record>
    <marc:leader>01369cam0a 200229   4500</marc:leader>
    <marc:controlfield tag="001">UMLRM0119</marc:controlfield>
    <marc:controlfield tag="005">202208301048##.D</marc:controlfield>
    <marc:datafield tag="010" ind1=" " ind2=" ">
      <marc:subfield code="a"> 978-2-203-03785-4</marc:subfield>
      <marc:subfield code="b">Relié</marc:subfield>
      <marc:subfield code="d">12,95 EUR</marc:subfield>
    </marc:datafield>
    <marc:datafield tag="073" ind1=" " ind2="0">
      <marc:subfield code="a">9782203037854</marc:subfield>
    </marc:datafield>
    <marc:datafield tag="100" ind1=" " ind2=" ">
      <marc:subfield code="a"> 20120504d2012    x  y0frey50      ba</marc:subfield>
    </marc:datafield>
    <marc:datafield tag="102" ind1=" " ind2=" ">
      <marc:subfield code="a"> FR </marc:subfield>
    </marc:datafield>
    <marc:datafield tag="181" ind1=" " ind2=" ">
      <marc:subfield code="a">i </marc:subfield>
      <marc:subfield code="b">axxe  </marc:subfield>
      <marc:subfield code="a">b </marc:subfield>
      <marc:subfield code="b">xb2e  </marc:subfield>
    </marc:datafield>
    <marc:datafield tag="182" ind1=" " ind2=" ">
      <marc:subfield code="a">n </marc:subfield>
    </marc:datafield>
    <marc:datafield tag="183" ind1=" " ind2=" ">
      <marc:subfield code="a">nga</marc:subfield>
      <marc:subfield code="2">RDAfrCarrier</marc:subfield>
    </marc:datafield>
    <marc:datafield tag="200" ind1="1" ind2=" ">
      <marc:subfield code="a">Dracula l'immortel</marc:subfield>
      <marc:subfield code="h">2</marc:subfield>
      <marc:subfield code="f">scénario, Michel Dufranne</marc:subfield>
      <marc:subfield code="g">dessin, Piotr Kowalski</marc:subfield>
      <marc:subfield code="g">couleurs, Svart</marc:subfield>
      <marc:subfield code="g">d'après l'ouvrage de Dacre Stoker et Ian Holt...</marc:subfield>
    </marc:datafield>
    <marc:datafield tag="214" ind1=" " ind2="0">
      <marc:subfield code="a">[Neuilly-sur-Seine]</marc:subfield>
      <marc:subfield code="c">Michel Lafon</marc:subfield>
      <marc:subfield code="a"> [Paris]</marc:subfield>
      <marc:subfield code="c">Casterman</marc:subfield>
    </marc:datafield>
    <marc:datafield tag="214" ind1=" " ind2="3">
      <marc:subfield code="a">85-Luçon</marc:subfield>
      <marc:subfield code="c">Imprimerie Pollina</marc:subfield>
      <marc:subfield code="d">2012</marc:subfield>
    </marc:datafield>
    <marc:datafield tag="215" ind1=" " ind2=" ">
      <marc:subfield code="a">1 volume (48 pages)</marc:subfield>
      <marc:subfield code="c">couverture illustrée en couleur</marc:subfield>
      <marc:subfield code="d">32 cm</marc:subfield>
    </marc:datafield>
    <marc:datafield tag="330" ind1=" " ind2=" ">
      <marc:subfield code="a"> 1912, entre Paris et Londres, des éléments troublants viennent faire remonter à la surface une peur qui semblait avoir été oubliée depuis 25 ans, depuis la destruction du vampire.</marc:subfield>
      <marc:subfield code="2">Electre</marc:subfield>
    </marc:datafield>
    <marc:datafield tag="461" ind1=" " ind2="0">
      <marc:subfield code="t">Dracula l'immortel</marc:subfield>
      <marc:subfield code="f">scénario, Michel Dufranne</marc:subfield>
      <marc:subfield code="g">dessin, Piotr Kowalski</marc:subfield>
      <marc:subfield code="g">couleurs, Svart</marc:subfield>
      <marc:subfield code="g">d'après l'ouvrage de Dacre Stoker et Ian Holt</marc:subfield>
      <marc:subfield code="c">[Neuilly-sur-Seine]</marc:subfield>
      <marc:subfield code="n">Michel Lafon</marc:subfield>
      <marc:subfield code="c">[Paris]</marc:subfield>
      <marc:subfield code="n">Casterman</marc:subfield>
      <marc:subfield code="d">impr. 2012</marc:subfield>
      <marc:subfield code="p">3 volumes</marc:subfield>
    </marc:datafield>
    <marc:datafield tag="577" ind1="1" ind2="1">
      <marc:subfield code="3">UMLRM0118</marc:subfield>
      <marc:subfield code="7">ba0yba0y</marc:subfield>
      <marc:subfield code="8">frefre</marc:subfield>
      <marc:subfield code="a">Dufranne, Michel (1970-....)</marc:subfield>
      <marc:subfield code="a">Kowalski, Piotr (1973-....)</marc:subfield>
      <marc:subfield code="t">Dracula l’immortel</marc:subfield>
      <marc:subfield code="h">2</marc:subfield>
      <marc:subfield code="m">Français</marc:subfield>
      <marc:subfield code="n">Texte noté. Image fixe</marc:subfield>
    </marc:datafield>
    <marc:datafield tag="801" ind1=" " ind2="0">
      <marc:subfield code="a"> FR</marc:subfield>
      <marc:subfield code="b">FR-751131015</marc:subfield>
      <marc:subfield code="c">20120504</marc:subfield>
      <marc:subfield code="g">RDA-FR</marc:subfield>
      <marc:subfield code="h">FRBNF426598260000003</marc:subfield>
    </marc:datafield>
  </marc:record>