
  <marc:record>
    <marc:leader>01864ngm a2200337 i 4500</marc:leader>
    <marc:controlfield tag="001">UMLRM0122</marc:controlfield>
    <marc:datafield tag="071" ind1="4" ind2="1">
      <marc:subfield code="a">FG 315 880</marc:subfield>
      <marc:subfield code="b">EDV 1504</marc:subfield>
    </marc:datafield>
    <marc:datafield tag="073" ind1=" " ind2="0">
      <marc:subfield code="a">3607483158807</marc:subfield>
    </marc:datafield>
    <marc:datafield tag="100" ind1=" " ind2=" ">
      <marc:subfield code="a">20221004d2009    x  y0frey50      ba </marc:subfield>
    </marc:datafield>
    <marc:datafield tag="102" ind1=" " ind2=" ">
      <marc:subfield code="a">FR </marc:subfield>
    </marc:datafield>
    <marc:datafield tag="115" ind1=" " ind2=" ">
      <marc:subfield code="a">c   baizxuxz   bkxxc</marc:subfield>
    </marc:datafield>
    <marc:datafield tag="181" ind1=" " ind2=" ">
      <marc:subfield code="6">01</marc:subfield>
      <marc:subfield code="a">b</marc:subfield>
      <marc:subfield code="b">xa2ae </marc:subfield>
    </marc:datafield>
    <marc:datafield tag="181" ind1=" " ind2=" ">
      <marc:subfield code="6">02</marc:subfield>
      <marc:subfield code="c">tdi</marc:subfield>
      <marc:subfield code="2">rda-frcontent</marc:subfield>
    </marc:datafield>
    <marc:datafield tag="182" ind1=" " ind2=" ">
      <marc:subfield code="6">01</marc:subfield>
      <marc:subfield code="a">g</marc:subfield>
    </marc:datafield>
    <marc:datafield tag="182" ind1=" " ind2=" ">
      <marc:subfield code="6">02</marc:subfield>
      <marc:subfield code="c">v</marc:subfield>
      <marc:subfield code="2">rda-frmedia</marc:subfield>
    </marc:datafield>
    <marc:datafield tag="183" ind1=" " ind2=" ">
      <marc:subfield code="6">02</marc:subfield>
      <marc:subfield code="a">vcc</marc:subfield>
      <marc:subfield code="2">rda-frcarrier</marc:subfield>
    </marc:datafield>
    <marc:datafield tag="200" ind1="1" ind2=" ">
      <marc:subfield code="a">Dracula, mort et heureux de l’être</marc:subfield>
      <marc:subfield code="d">Dracula dead and loving it</marc:subfield>
      <marc:subfield code="f">un film de Mel Brooks</marc:subfield>
      <marc:subfield code="g">Leslie Nielsen, Peter MacNicol, Steven Weber... [et autres], [acteurs]</marc:subfield>
      <marc:subfield code="g">musique, Hummie Mann</marc:subfield>
      <marc:subfield code="g">histoire de Rudy De Luca &amp; Steve Haberman</marc:subfield>
      <marc:subfield code="g">scénario de Mel Brooks &amp; Rudy De Luca &amp; Steve Haberman</marc:subfield>
      <marc:subfield code="g"> produit et réalisé par Mel Brooks</marc:subfield>
      <marc:subfield code="z">eng</marc:subfield>
    </marc:datafield>
    <marc:datafield tag="214" ind1=" " ind2="0">
      <marc:subfield code="a">Neuilly-sur-Seine</marc:subfield>
      <marc:subfield code="c">Gaumont vidéo</marc:subfield>
      <marc:subfield code="d">2009</marc:subfield>
    </marc:datafield>
    <marc:datafield tag="214" ind1=" " ind2="2">
      <marc:subfield code="a">Boulogne-Billancourt</marc:subfield>
      <marc:subfield code="c">Paramount home entertainment</marc:subfield>
    </marc:datafield>
    <marc:datafield tag="215" ind1=" " ind2=" ">
      <marc:subfield code="a">1 DVD vidéo</marc:subfield>
      <marc:subfield code="c">monoface double couche, 16/9 compatible 3/4, PAL, Dolby surround 2.0, zone 2</marc:subfield>
    </marc:datafield>
    <marc:datafield tag="304" ind1=" " ind2=" ">
      <marc:subfield code="a">Notice rédigée d'après la jaquette</marc:subfield>
    </marc:datafield>
    <marc:datafield tag="306" ind1=" " ind2=" ">
      <marc:subfield code="a">Copyright : Borgo Pass productions, 1994</marc:subfield>
      <marc:subfield code="a">Copyright : Gaumont vidéo, 2009</marc:subfield>
    </marc:datafield>
    <marc:datafield tag="327" ind1="2" ind2=" ">
      <marc:subfield code="a">Commentaires audio de Mel Brooks et de son équipe, version originale sous-titrée</marc:subfield>
      <marc:subfield code="a">Bande-annonce</marc:subfield>
    </marc:datafield>
    <marc:datafield tag="371" ind1="1" ind2=" ">
      <marc:subfield code="a">Interdit à la location</marc:subfield>
    </marc:datafield>
    <marc:datafield tag="451" ind1=" " ind2="1">
      <marc:subfield code="0">UMLRM0190</marc:subfield>
      <marc:subfield code="t">Mel Brooks</marc:subfield>
      <marc:subfield code="c">[Neuilly-sur-Seine]</marc:subfield>
      <marc:subfield code="n">Gaumont vidéo</marc:subfield>
      <marc:subfield code="d">[2015]</marc:subfield>
      <marc:subfield code="p">2 DVD vidéo</marc:subfield>
    </marc:datafield>
    <marc:datafield tag="507" ind1="0" ind2=" ">
      <marc:subfield code="3">UMLRM0189</marc:subfield>
      <marc:subfield code="7">ba0yba0y</marc:subfield>
      <marc:subfield code="8">freeng</marc:subfield>
      <marc:subfield code="a">Dracula, dead and loving it</marc:subfield>
      <marc:subfield code="c">film</marc:subfield>
      <marc:subfield code="m">Anglais ; sous-titrage optionnel en français</marc:subfield>
      <marc:subfield code="o">2009</marc:subfield>
    </marc:datafield>
    <marc:datafield tag="507" ind1="0" ind2=" ">
      <marc:subfield code="3">UMLRM0121</marc:subfield>
      <marc:subfield code="7">ba0yba0y</marc:subfield>
      <marc:subfield code="8">freeng</marc:subfield>
      <marc:subfield code="a">Dracula, dead and loving it</marc:subfield>
      <marc:subfield code="c">film</marc:subfield>
      <marc:subfield code="m">Français</marc:subfield>
      <marc:subfield code="o">2009</marc:subfield>
    </marc:datafield>
    <marc:datafield tag="510" ind1="1" ind2=" ">
      <marc:subfield code="a">Dracula dead and loving it</marc:subfield>
      <marc:subfield code="z">eng</marc:subfield>
    </marc:datafield>
    <marc:datafield tag="702" ind1=" " ind2="1">
      <marc:subfield code="3">FRBNF138918800</marc:subfield>
      <marc:subfield code="7">ba0yba0y</marc:subfield>
      <marc:subfield code="8">freeng</marc:subfield>
      <marc:subfield code="o">ISNI 0000 0001 0920 8877</marc:subfield>
      <marc:subfield code="a">Brooks</marc:subfield>
      <marc:subfield code="b">Mel</marc:subfield>
      <marc:subfield code="f">1926-....</marc:subfield>
      <marc:subfield code="4">210</marc:subfield>
    </marc:datafield>
    <marc:datafield tag="712" ind1="0" ind2="2">
      <marc:subfield code="7">ba0yba0y</marc:subfield>
      <marc:subfield code="8">frefre</marc:subfield>
      <marc:subfield code="a">Gaumont vidéo</marc:subfield>
      <marc:subfield code="4">650</marc:subfield>
    </marc:datafield>
    <marc:datafield tag="801" ind1=" " ind2="0">
      <marc:subfield code="a">FR</marc:subfield>
      <marc:subfield code="b">FR-751052119</marc:subfield>
      <marc:subfield code="c">20221004</marc:subfield>
      <marc:subfield code="h">FRBNF44368309000000X</marc:subfield>
    </marc:datafield>
  </marc:record>