
  <marc:record>
    <marc:leader>01156cam a2200229 i 4500</marc:leader>
    <marc:controlfield tag="001">UMLRM0128</marc:controlfield>
    <marc:controlfield tag="005">20220921######.D</marc:controlfield>
    <marc:datafield tag="010" ind1=" " ind2=" ">
      <marc:subfield code="a">978-0-7864-3410-7</marc:subfield>
    </marc:datafield>
    <marc:datafield tag="100" ind1=" " ind2=" ">
      <marc:subfield code="a">20220921d2008    x  y0frey50      ba </marc:subfield>
    </marc:datafield>
    <marc:datafield tag="102" ind1=" " ind2=" ">
      <marc:subfield code="a">US </marc:subfield>
    </marc:datafield>
    <marc:datafield tag="181" ind1=" " ind2=" ">
      <marc:subfield code="a">i </marc:subfield>
      <marc:subfield code="b">axxe   </marc:subfield>
    </marc:datafield>
    <marc:datafield tag="182" ind1=" " ind2=" ">
      <marc:subfield code="a">n </marc:subfield>
    </marc:datafield>
    <marc:datafield tag="183" ind1=" " ind2=" ">
      <marc:subfield code="a">nga</marc:subfield>
      <marc:subfield code="2">RDAfrCarrier </marc:subfield>
    </marc:datafield>
    <marc:datafield tag="200" ind1="1" ind2=" ">
      <marc:subfield code="a">Bram Stoker’s notes for “Dracula “</marc:subfield>
      <marc:subfield code="e">afacsimile edition</marc:subfield>
      <marc:subfield code="f">Bram Stoker</marc:subfield>
      <marc:subfield code="g">annotated and transcribed by Robert Eighteen-Bisang and Elizabeth Miller</marc:subfield>
      <marc:subfield code="g">foreword by Michael Barsanti</marc:subfield>
    </marc:datafield>
    <marc:datafield tag="214" ind1=" " ind2="0">
      <marc:subfield code="a">Jefferson (N.C.)</marc:subfield>
      <marc:subfield code="c">McFarland &amp; Company Inc. Publishers</marc:subfield>
      <marc:subfield code="d">2008</marc:subfield>
    </marc:datafield>
    <marc:datafield tag="215" ind1=" " ind2=" ">
      <marc:subfield code="a">1 volume (VII-331 pages)</marc:subfield>
      <marc:subfield code="d">26 cm</marc:subfield>
    </marc:datafield>
    <marc:datafield tag="320" ind1=" " ind2=" ">
      <marc:subfield code="a">Bibliographie pages 321-323</marc:subfield>
    </marc:datafield>
    <marc:datafield tag="702" ind1=" " ind2="1">
      <marc:subfield code="3">FRBNF16259396</marc:subfield>
      <marc:subfield code="7">ba0yba0y</marc:subfield>
      <marc:subfield code="8">freeng</marc:subfield>
      <marc:subfield code="o">ISNI 0000 0001 0976 8225</marc:subfield>
      <marc:subfield code="a">Eighteen-Bisang</marc:subfield>
      <marc:subfield code="b">Robert</marc:subfield>
      <marc:subfield code="4">212</marc:subfield>
    </marc:datafield>
    <marc:datafield tag="702" ind1=" " ind2="1">
      <marc:subfield code="3">FRBNF12679015</marc:subfield>
      <marc:subfield code="7">ba0yba0y</marc:subfield>
      <marc:subfield code="8">freeng</marc:subfield>
      <marc:subfield code="o">ISNI 0000 0000 8170 1706</marc:subfield>
      <marc:subfield code="a">Miller</marc:subfield>
      <marc:subfield code="b">Elizabeth Russel</marc:subfield>
      <marc:subfield code="f">1939-....</marc:subfield>
      <marc:subfield code="4">212</marc:subfield>
    </marc:datafield>
    <marc:datafield tag="702" ind1=" " ind2="1">
      <marc:subfield code="7">ba0yba0y</marc:subfield>
      <marc:subfield code="8">freeng</marc:subfield>
      <marc:subfield code="o">ISNI 0000 0000 5038 6133</marc:subfield>
      <marc:subfield code="a">Barsanti</marc:subfield>
      <marc:subfield code="b">Michael J.</marc:subfield>
      <marc:subfield code="4">080</marc:subfield>
    </marc:datafield>
    <marc:datafield tag="577" ind1="1" ind2="1">
      <marc:subfield code="3">UMLRM0127</marc:subfield>
      <marc:subfield code="7">ba0yba0y</marc:subfield>
      <marc:subfield code="8">freeng</marc:subfield>
      <marc:subfield code="a">Stoker, Bram (1847-1912)</marc:subfield>
      <marc:subfield code="t">Manuscrits</marc:subfield>
      <marc:subfield code="c">Choix</marc:subfield>
      <marc:subfield code="k">Eighteen-Bisang ; Miller</marc:subfield>
      <marc:subfield code="m">Anglais</marc:subfield>
      <marc:subfield code="n">Texte noté</marc:subfield>
    </marc:datafield>
    <marc:datafield tag="801" ind1=" " ind2="0">
      <marc:subfield code="a">FR</marc:subfield>
      <marc:subfield code="b">FR-751131015</marc:subfield>
      <marc:subfield code="c">20220921</marc:subfield>
      <marc:subfield code="g">RDA-FR</marc:subfield>
      <marc:subfield code="h">FRBNF421342340000009</marc:subfield>
    </marc:datafield>
  </marc:record>