
  <marc:record>
    <marc:leader>01131ngm a2200277 i 4500</marc:leader>
    <marc:controlfield tag="001">UMLRM0131</marc:controlfield>
    <marc:datafield tag="071" ind1="4" ind2="1">
      <marc:subfield code="a">196 241-3</marc:subfield>
      <marc:subfield code="c">Boite</marc:subfield>
      <marc:subfield code="b">Studio Canal</marc:subfield>
    </marc:datafield>
    <marc:datafield tag="073" ind1=" " ind2="0">
      <marc:subfield code="a">3259119624134</marc:subfield>
    </marc:datafield>
    <marc:datafield tag="100" ind1=" " ind2=" ">
      <marc:subfield code="a">20011009d2001    x  y0frey50      ba</marc:subfield>
    </marc:datafield>
    <marc:datafield tag="102" ind1=" " ind2=" ">
      <marc:subfield code="a">FR</marc:subfield>
    </marc:datafield>
    <marc:datafield tag="115" ind1=" " ind2=" ">
      <marc:subfield code="a">c   cahozuxz   cbxxd</marc:subfield>
    </marc:datafield>
    <marc:datafield tag="181" ind1=" " ind2="0">
      <marc:subfield code="6">01</marc:subfield>
      <marc:subfield code="a">b</marc:subfield>
      <marc:subfield code="b">xa2ea </marc:subfield>
    </marc:datafield>
    <marc:datafield tag="181" ind1=" " ind2=" ">
      <marc:subfield code="6">02</marc:subfield>
      <marc:subfield code="c">tdi</marc:subfield>
      <marc:subfield code="2">rda-frcontent</marc:subfield>
    </marc:datafield>
    <marc:datafield tag="182" ind1=" " ind2="0">
      <marc:subfield code="6">01</marc:subfield>
      <marc:subfield code="a">g</marc:subfield>
    </marc:datafield>
    <marc:datafield tag="182" ind1=" " ind2=" ">
      <marc:subfield code="6">02</marc:subfield>
      <marc:subfield code="c">v</marc:subfield>
      <marc:subfield code="2">rda-frmedia</marc:subfield>
    </marc:datafield>
    <marc:datafield tag="183" ind1=" " ind2=" ">
      <marc:subfield code="a">vba</marc:subfield>
      <marc:subfield code="2">rda-frcarrier</marc:subfield>
    </marc:datafield>
    <marc:datafield tag="200" ind1="1" ind2=" ">
      <marc:subfield code="a">L'ombre du vampire</marc:subfield>
      <marc:subfield code="d">Shadow of the vampire</marc:subfield>
      <marc:subfield code="f">E. Elias Merhige, [réalisateur]</marc:subfield>
      <marc:subfield code="g">John Malkovitch, Willem Dafoe, Cary Elwes... [et autres], [acteurs]</marc:subfield>
      <marc:subfield code="z">eng</marc:subfield>
    </marc:datafield>
    <marc:datafield tag="214" ind1=" " ind2="0">
      <marc:subfield code="a">Paris</marc:subfield>
      <marc:subfield code="c">Studio Canal+</marc:subfield>
      <marc:subfield code="d">[DL 2001]</marc:subfield>
    </marc:datafield>
    <marc:datafield tag="214" ind1=" " ind2="2">
      <marc:subfield code="a">Antony</marc:subfield>
      <marc:subfield code="c">Universal pictures vidéo France SA</marc:subfield>
    </marc:datafield>
    <marc:datafield tag="215" ind1=" " ind2=" ">
      <marc:subfield code="a">1 cassette vidéo</marc:subfield>
      <marc:subfield code="c">VHS, SECAM, surround (Dolby), zone 2</marc:subfield>
    </marc:datafield>
    <marc:datafield tag="327" ind1="2" ind2=" ">
      <marc:subfield code="a">Comprend un making of</marc:subfield>
    </marc:datafield>
    <marc:datafield tag="507" ind1="1" ind2=" ">
      <marc:subfield code="3">UMLRM0130</marc:subfield>
      <marc:subfield code="7">ba0yba0y</marc:subfield>
      <marc:subfield code="8">freeng</marc:subfield>
      <marc:subfield code="a">Shadow of the vampire</marc:subfield>
      <marc:subfield code="c">film</marc:subfield>
      <marc:subfield code="m">Français</marc:subfield>
    </marc:datafield>
    <marc:datafield tag="510" ind1="1" ind2=" ">
      <marc:subfield code="a">Shadow of the vampire</marc:subfield>
      <marc:subfield code="z">eng</marc:subfield>
    </marc:datafield>
    <marc:datafield tag="712" ind1="0" ind2="2">
      <marc:subfield code="3">FRBNF13979881</marc:subfield>
      <marc:subfield code="o">ISNI 0000 0001 2193 9138</marc:subfield>
      <marc:subfield code="a">Studio Canal plus</marc:subfield>
      <marc:subfield code="4">650</marc:subfield>
    </marc:datafield>
    <marc:datafield tag="712" ind1="0" ind2="2">
      <marc:subfield code="3">FRBNF14033208</marc:subfield>
      <marc:subfield code="a">Universal pictures vidéo France SA</marc:subfield>
      <marc:subfield code="4">310</marc:subfield>
    </marc:datafield>
    <marc:datafield tag="801" ind1=" " ind2="0">
      <marc:subfield code="a">FR</marc:subfield>
      <marc:subfield code="b">FR-751131015</marc:subfield>
      <marc:subfield code="c">20221019</marc:subfield>
      <marc:subfield code="g">RDA-FR</marc:subfield>
      <marc:subfield code="h">FRBNF38556577000000X</marc:subfield>
    </marc:datafield>
  </marc:record>