
  <marc:record>
    <marc:leader>00740nam a2200217 i 4500</marc:leader>
    <marc:controlfield tag="001">UMLRM0134</marc:controlfield>
    <marc:datafield tag="010" ind1=" " ind2=" ">
      <marc:subfield code="a">978-3-936298-54-3</marc:subfield>
      <marc:subfield code="b">Relié</marc:subfield>
    </marc:datafield>
    <marc:datafield tag="100" ind1=" " ind2=" ">
      <marc:subfield code="a">20110920d2009    x  y0frey50      ba</marc:subfield>
    </marc:datafield>
    <marc:datafield tag="101" ind1="0" ind2=" ">
      <marc:subfield code="a">ger</marc:subfield>
    </marc:datafield>
    <marc:datafield tag="102" ind1=" " ind2=" ">
      <marc:subfield code="a">DE</marc:subfield>
    </marc:datafield>
    <marc:datafield tag="181" ind1=" " ind2="0">
      <marc:subfield code="6">01</marc:subfield>
      <marc:subfield code="a">i</marc:subfield>
      <marc:subfield code="b">xxxe</marc:subfield>
      <marc:subfield code="a">b</marc:subfield>
      <marc:subfield code="b">xb2e</marc:subfield>
    </marc:datafield>
    <marc:datafield tag="181" ind1=" " ind2=" ">
      <marc:subfield code="6">02</marc:subfield>
      <marc:subfield code="c">txt</marc:subfield>
      <marc:subfield code="c">sti</marc:subfield>
      <marc:subfield code="2">rdacontent</marc:subfield>
    </marc:datafield>
    <marc:datafield tag="182" ind1=" " ind2="0">
      <marc:subfield code="6">01</marc:subfield>
      <marc:subfield code="a">n</marc:subfield>
    </marc:datafield>
    <marc:datafield tag="182" ind1=" " ind2=" ">
      <marc:subfield code="6">02</marc:subfield>
      <marc:subfield code="c">n</marc:subfield>
      <marc:subfield code="2">rdamedia</marc:subfield>
    </marc:datafield>
    <marc:datafield tag="183" ind1=" " ind2=" ">
      <marc:subfield code="a">nga</marc:subfield>
      <marc:subfield code="2">RDAfrCarrier</marc:subfield>
    </marc:datafield>
    <marc:datafield tag="200" ind1="1" ind2=" ">
      <marc:subfield code="a">Max Schreck</marc:subfield>
      <marc:subfield code="e">Gespenstertheater</marc:subfield>
      <marc:subfield code="f">Stefan Eickhoff</marc:subfield>
    </marc:datafield>
    <marc:datafield tag="214" ind1=" " ind2="0">
      <marc:subfield code="a">München</marc:subfield>
      <marc:subfield code="c">Belleville</marc:subfield>
    </marc:datafield>
    <marc:datafield tag="214" ind1=" " ind2="4">
      <marc:subfield code="d">Copyright 2009</marc:subfield>
    </marc:datafield>
    <marc:datafield tag="215" ind1=" " ind2=" ">
      <marc:subfield code="a">1 volume. (575 pages)</marc:subfield>
      <marc:subfield code="c">couverture illustrée</marc:subfield>
      <marc:subfield code="d">25 cm</marc:subfield>
    </marc:datafield>
    <marc:datafield tag="577" ind1="1" ind2="1">
      <marc:subfield code="3">UMLRM0133</marc:subfield>
      <marc:subfield code="7">ba0yba0y</marc:subfield>
      <marc:subfield code="8">freger</marc:subfield>
      <marc:subfield code="a">Eickhoff, Stefan</marc:subfield>
      <marc:subfield code="t">Max Schreck : Gespenstertheater</marc:subfield>
      <marc:subfield code="m">Allemand</marc:subfield>
      <marc:subfield code="n">Texte noté</marc:subfield>
    </marc:datafield>
    <marc:datafield tag="801" ind1=" " ind2="0">
      <marc:subfield code="a">FR</marc:subfield>
      <marc:subfield code="b">FR-751131015</marc:subfield>
      <marc:subfield code="c">20221110</marc:subfield>
      <marc:subfield code="g">RDA-FR</marc:subfield>
      <marc:subfield code="h">FRBNF424332410000007</marc:subfield>
    </marc:datafield>
  </marc:record>