
  <marc:record>
    <marc:leader>01733ngm a2200337 i 4500</marc:leader>
    <marc:controlfield tag="001">UMLRM0137</marc:controlfield>
    <marc:datafield tag="071" ind1="4" ind2="1">
      <marc:subfield code="a">ED 019D</marc:subfield>
      <marc:subfield code="b">ED Distribution</marc:subfield>
    </marc:datafield>
    <marc:datafield tag="073" ind1=" " ind2="0">
      <marc:subfield code="a">3341348720715</marc:subfield>
    </marc:datafield>
    <marc:datafield tag="100" ind1=" " ind2=" ">
      <marc:subfield code="a">20221021d2005    x  y0frey50      ba</marc:subfield>
    </marc:datafield>
    <marc:datafield tag="102" ind1=" " ind2=" ">
      <marc:subfield code="a">FR</marc:subfield>
    </marc:datafield>
    <marc:datafield tag="115" ind1=" " ind2=" ">
      <marc:subfield code="a">c   caiz       bk  c</marc:subfield>
    </marc:datafield>
    <marc:datafield tag="181" ind1=" " ind2=" ">
      <marc:subfield code="6">01</marc:subfield>
      <marc:subfield code="a">b</marc:subfield>
      <marc:subfield code="b">xa2ae </marc:subfield>
    </marc:datafield>
    <marc:datafield tag="181" ind1=" " ind2=" ">
      <marc:subfield code="6">02</marc:subfield>
      <marc:subfield code="c">tdi</marc:subfield>
      <marc:subfield code="2">rda-frcontent</marc:subfield>
    </marc:datafield>
    <marc:datafield tag="182" ind1=" " ind2=" ">
      <marc:subfield code="6">01</marc:subfield>
      <marc:subfield code="a">g</marc:subfield>
    </marc:datafield>
    <marc:datafield tag="182" ind1=" " ind2=" ">
      <marc:subfield code="6">02</marc:subfield>
      <marc:subfield code="c">v</marc:subfield>
      <marc:subfield code="2">rda-frmedia</marc:subfield>
    </marc:datafield>
    <marc:datafield tag="183" ind1=" " ind2=" ">
      <marc:subfield code="6">02</marc:subfield>
      <marc:subfield code="a">vcc</marc:subfield>
      <marc:subfield code="2">rda-frcarrier</marc:subfield>
    </marc:datafield>
    <marc:datafield tag="200" ind1="1" ind2=" ">
      <marc:subfield code="a">Dracula</marc:subfield>
      <marc:subfield code="e">pages tirées du journal d'une vierge</marc:subfield>
      <marc:subfield code="d">Dracula</marc:subfield>
      <marc:subfield code="e">pages from a virgin's diary</marc:subfield>
      <marc:subfield code="f">un film de Guy Maddin, [réalisateur]</marc:subfield>
      <marc:subfield code="g">musique de Gustav Mahler</marc:subfield>
      <marc:subfield code="z">eng</marc:subfield>
    </marc:datafield>
    <marc:datafield tag="214" ind1=" " ind2="0">
      <marc:subfield code="a">[Paris]</marc:subfield>
      <marc:subfield code="c">ED distribution</marc:subfield>
      <marc:subfield code="d">[DL 2005]</marc:subfield>
    </marc:datafield>
    <marc:datafield tag="214" ind1=" " ind2="2">
      <marc:subfield code="a">[Paris]</marc:subfield>
      <marc:subfield code="c">ED distribution</marc:subfield>
    </marc:datafield>
    <marc:datafield tag="215" ind1=" " ind2=" ">
      <marc:subfield code="a">1 DVD vidéo</marc:subfield>
      <marc:subfield code="c">monoface simple couche, PAL, surround (Dolby), toutes zones</marc:subfield>
    </marc:datafield>
    <marc:datafield tag="304" ind1=" " ind2=" ">
      <marc:subfield code="a">Notice rédigée d'après la jaquette</marc:subfield>
    </marc:datafield>
    <marc:datafield tag="327" ind1="2" ind2=" ">
      <marc:subfield code="a">Audio-commentaire du film/ par Guy Maddin</marc:subfield>
      <marc:subfield code="a">Interviews de Guy Maddin / par Lorenzo Recio et par Yves Montmayeur</marc:subfield>
      <marc:subfield code="a">Biographie et filmographie de Guy Maddin</marc:subfield>
    </marc:datafield>
    <marc:datafield tag="371" ind1="1" ind2=" ">
      <marc:subfield code="a">Interdit à la location</marc:subfield>
    </marc:datafield>
    <marc:datafield tag="451" ind1=" " ind2="1">
      <marc:subfield code="0">UMLRM0168</marc:subfield>
      <marc:subfield code="t">Guy Maddin</marc:subfield>
      <marc:subfield code="c">[Paris]</marc:subfield>
      <marc:subfield code="n">ED distribution</marc:subfield>
      <marc:subfield code="d">[DL 2012]</marc:subfield>
      <marc:subfield code="p">4 DVD vidéo</marc:subfield>
    </marc:datafield>
    <marc:datafield tag="507" ind1="1" ind2=" ">
      <marc:subfield code="3">UMLRM0136</marc:subfield>
      <marc:subfield code="7">ba0yba0y</marc:subfield>
      <marc:subfield code="8">freeng</marc:subfield>
      <marc:subfield code="a">Dracula : pages from a virgin's diary</marc:subfield>
      <marc:subfield code="c">film</marc:subfield>
      <marc:subfield code="m">Anglais ; sous-titrage en français</marc:subfield>
    </marc:datafield>
    <marc:datafield tag="510" ind1="1" ind2=" ">
      <marc:subfield code="a">Dracula</marc:subfield>
      <marc:subfield code="e">pages from a virgin's diary</marc:subfield>
      <marc:subfield code="z">eng</marc:subfield>
    </marc:datafield>
    <marc:datafield tag="702" ind1=" " ind2="1">
      <marc:subfield code="3">FRBNF14117683</marc:subfield>
      <marc:subfield code="7">ba0yba0y</marc:subfield>
      <marc:subfield code="8">fre###</marc:subfield>
      <marc:subfield code="o">ISNI 0000 0001 1664 8619</marc:subfield>
      <marc:subfield code="a">Maddin</marc:subfield>
      <marc:subfield code="b">Guy</marc:subfield>
      <marc:subfield code="f">1956-....</marc:subfield>
      <marc:subfield code="4">210</marc:subfield>
      <marc:subfield code="4">460</marc:subfield>
    </marc:datafield>
    <marc:datafield tag="702" ind1=" " ind2="1">
      <marc:subfield code="3">FRBNF14627980</marc:subfield>
      <marc:subfield code="7">ba0yba0y</marc:subfield>
      <marc:subfield code="8">fre###</marc:subfield>
      <marc:subfield code="o">0000 0000 0305 4515</marc:subfield>
      <marc:subfield code="a">Recio</marc:subfield>
      <marc:subfield code="b">Lorenzo</marc:subfield>
      <marc:subfield code="f">1964-....</marc:subfield>
      <marc:subfield code="4">470</marc:subfield>
    </marc:datafield>
    <marc:datafield tag="702" ind1=" " ind2="1">
      <marc:subfield code="3">FRBNF17068333</marc:subfield>
      <marc:subfield code="7">ba0yba0y</marc:subfield>
      <marc:subfield code="8">frefre</marc:subfield>
      <marc:subfield code="o">0000 0004 5970 4205</marc:subfield>
      <marc:subfield code="a">Montmayeur</marc:subfield>
      <marc:subfield code="b">Yves</marc:subfield>
      <marc:subfield code="4">470</marc:subfield>
    </marc:datafield>
    <marc:datafield tag="712" ind1="2" ind2="0">
      <marc:subfield code="3">FRBNF14010888</marc:subfield>
      <marc:subfield code="7">ba0yba0y</marc:subfield>
      <marc:subfield code="8">frefre</marc:subfield>
      <marc:subfield code="a">ED Distribution</marc:subfield>
      <marc:subfield code="4">650</marc:subfield>
      <marc:subfield code="4">310</marc:subfield>
    </marc:datafield>
    <marc:datafield tag="801" ind1=" " ind2="0">
      <marc:subfield code="a">FR</marc:subfield>
      <marc:subfield code="b">FR-751131015</marc:subfield>
      <marc:subfield code="c">20221021</marc:subfield>
      <marc:subfield code="g">RDA-FR</marc:subfield>
      <marc:subfield code="h">FRBNF399530650000000</marc:subfield>
    </marc:datafield>
  </marc:record>