
  <marc:record>
    <marc:leader>00600nkm a2200157 i 4500</marc:leader>
    <marc:controlfield tag="001">UMLRM0140</marc:controlfield>
    <marc:datafield tag="100" ind1=" " ind2=" ">
      <marc:subfield code="a">20221025d2001    x  y0frey50      ba</marc:subfield>
    </marc:datafield>
    <marc:datafield tag="102" ind1=" " ind2=" ">
      <marc:subfield code="a">FR</marc:subfield>
    </marc:datafield>
    <marc:datafield tag="181" ind1=" " ind2=" ">
      <marc:subfield code="a">b </marc:subfield>
      <marc:subfield code="b">xb2e  </marc:subfield>
    </marc:datafield>
    <marc:datafield tag="182" ind1=" " ind2=" ">
      <marc:subfield code="a">n</marc:subfield>
    </marc:datafield>
    <marc:datafield tag="183" ind1=" " ind2=" ">
      <marc:subfield code="a">ned</marc:subfield>
      <marc:subfield code="2">RDAfrCarrier</marc:subfield>
    </marc:datafield>
    <marc:datafield tag="200" ind1="1" ind2=" ">
      <marc:subfield code="a">[Maquette de décor en volume pour "Nosferatu"]</marc:subfield>
      <marc:subfield code="f">[Daniel Jeanneteau et Laure Deratte]</marc:subfield>
    </marc:datafield>
    <marc:datafield tag="214" ind1=" " ind2="1">
      <marc:subfield code="d">[2001]</marc:subfield>
    </marc:datafield>
    <marc:datafield tag="215" ind1=" " ind2=" ">
      <marc:subfield code="a">1 maquette en volume</marc:subfield>
    </marc:datafield>
    <marc:datafield tag="577" ind1="1" ind2="1">
      <marc:subfield code="3">UMLRM0139</marc:subfield>
      <marc:subfield code="7">ba0yba0y</marc:subfield>
      <marc:subfield code="8">frefre</marc:subfield>
      <marc:subfield code="a">Jeanneteau, Daniel (1963-....)</marc:subfield>
      <marc:subfield code="a">Deratte, Laure (19..-....)</marc:subfield>
      <marc:subfield code="t">[Maquette de décor en volume pour "Nosferatu"]</marc:subfield>
      <marc:subfield code="n">Image fixe</marc:subfield>
    </marc:datafield>
    <marc:datafield tag="801" ind1=" " ind2="0">
      <marc:subfield code="a">FR</marc:subfield>
      <marc:subfield code="b">FR-751045101</marc:subfield>
      <marc:subfield code="c">20220928</marc:subfield>
      <marc:subfield code="g">RDA-FR</marc:subfield>
      <marc:subfield code="h">FRBNF442290500000007</marc:subfield>
    </marc:datafield>
  </marc:record>