
  <marc:record>
    <marc:leader>00986nim a2200253 i 4500</marc:leader>
    <marc:controlfield tag="001">UMLRM0158</marc:controlfield>
    <marc:datafield tag="071" ind1="0" ind2="1">
      <marc:subfield code="b">Nonesuch</marc:subfield>
      <marc:subfield code="a">7559795842</marc:subfield>
      <marc:subfield code="c">coffret</marc:subfield>
    </marc:datafield>
    <marc:datafield tag="073" ind1=" " ind2="0">
      <marc:subfield code="a">0075597958423</marc:subfield>
    </marc:datafield>
    <marc:datafield tag="100" ind1=" " ind2=" ">
      <marc:subfield code="a">20000203d1999    x  y0frey50      ba</marc:subfield>
    </marc:datafield>
    <marc:datafield tag="102" ind1=" " ind2=" ">
      <marc:subfield code="a">EU</marc:subfield>
    </marc:datafield>
    <marc:datafield tag="126" ind1=" " ind2=" ">
      <marc:subfield code="a">agbxhxxd     cd</marc:subfield>
      <marc:subfield code="b">bex</marc:subfield>
    </marc:datafield>
    <marc:datafield tag="181" ind1=" " ind2=" ">
      <marc:subfield code="a">d </marc:subfield>
      <marc:subfield code="b">bxxa  </marc:subfield>
    </marc:datafield>
    <marc:datafield tag="182" ind1=" " ind2=" ">
      <marc:subfield code="a">a</marc:subfield>
    </marc:datafield>
    <marc:datafield tag="183" ind1=" " ind2=" ">
      <marc:subfield code="a">sec</marc:subfield>
      <marc:subfield code="2">RDAfrCarrier</marc:subfield>
    </marc:datafield>
    <marc:datafield tag="200" ind1="1" ind2=" ">
      <marc:subfield code="a">Dracula</marc:subfield>
      <marc:subfield code="f">music by Philip Glass</marc:subfield>
      <marc:subfield code="g">performed by Kronos quartet</marc:subfield>
    </marc:datafield>
    <marc:datafield tag="214" ind1=" " ind2="0">
      <marc:subfield code="a">[London]</marc:subfield>
      <marc:subfield code="c">[WEA Europe]</marc:subfield>
    </marc:datafield>
    <marc:datafield tag="214" ind1=" " ind2="2">
      <marc:subfield code="a">[Le Blanc-Mesnil]</marc:subfield>
      <marc:subfield code="c">[distrib. Warner music France]</marc:subfield>
    </marc:datafield>
    <marc:datafield tag="214" ind1=" " ind2="4">
      <marc:subfield code="d">[P 1999]</marc:subfield>
    </marc:datafield>
    <marc:datafield tag="215" ind1=" " ind2=" ">
      <marc:subfield code="a">1 disque compact</marc:subfield>
      <marc:subfield code="e">1 dépliant (8 pages)</marc:subfield>
    </marc:datafield>
    <marc:datafield tag="712" ind1="0" ind2="2">
      <marc:subfield code="3">FRBNF13890463</marc:subfield>
      <marc:subfield code="7">ba0yba0y</marc:subfield>
      <marc:subfield code="8">fre###</marc:subfield>
      <marc:subfield code="o">ISNI 0000 0001 2364 8983</marc:subfield>
      <marc:subfield code="a">WEA Europe</marc:subfield>
      <marc:subfield code="4">650</marc:subfield>
    </marc:datafield>
    <marc:datafield tag="712" ind1="0" ind2="2">
      <marc:subfield code="3">FRBNF13890460</marc:subfield>
      <marc:subfield code="7">ba0yba0y</marc:subfield>
      <marc:subfield code="8">fre###</marc:subfield>
      <marc:subfield code="a">Warner music France</marc:subfield>
      <marc:subfield code="4">310</marc:subfield>
    </marc:datafield>
    <marc:datafield tag="716" ind1=" " ind2=" ">
      <marc:subfield code="3">FRBNF13876673</marc:subfield>
      <marc:subfield code="7">ba0yba0y</marc:subfield>
      <marc:subfield code="8">fre###</marc:subfield>
      <marc:subfield code="a">Nonesuch</marc:subfield>
    </marc:datafield>
    <marc:datafield tag="577" ind1="1" ind2="1">
      <marc:subfield code="3">UMLRM0157</marc:subfield>
      <marc:subfield code="7">ba0yba0y</marc:subfield>
      <marc:subfield code="8">fre###</marc:subfield>
      <marc:subfield code="a">Glass, Philip (1937-....)</marc:subfield>
      <marc:subfield code="t">Dracula</marc:subfield>
      <marc:subfield code="n">Musique exécutée</marc:subfield>
      <marc:subfield code="w">Kronos quartet</marc:subfield>
    </marc:datafield>
    <marc:datafield tag="801" ind1=" " ind2="0">
      <marc:subfield code="a">FR</marc:subfield>
      <marc:subfield code="b">FR-751131015</marc:subfield>
      <marc:subfield code="c">20000203</marc:subfield>
      <marc:subfield code="g">RDA-FR</marc:subfield>
      <marc:subfield code="h">FRBNF384673640000006</marc:subfield>
    </marc:datafield>
  </marc:record>