
  <marc:record>
    <marc:leader>01657ngm a2200277 i 4500</marc:leader>
    <marc:controlfield tag="001">UMLRM0160</marc:controlfield>
    <marc:datafield tag="071" ind1="4" ind2="1">
      <marc:subfield code="a">830 098-5</marc:subfield>
      <marc:subfield code="b">EDV 764</marc:subfield>
    </marc:datafield>
    <marc:datafield tag="073" ind1=" " ind2="0">
      <marc:subfield code="a">5053083009854</marc:subfield>
    </marc:datafield>
    <marc:datafield tag="100" ind1=" " ind2=" ">
      <marc:subfield code="a">20140919d2014    x  y0frey50      ba</marc:subfield>
    </marc:datafield>
    <marc:datafield tag="102" ind1=" " ind2=" ">
      <marc:subfield code="a"> FR</marc:subfield>
    </marc:datafield>
    <marc:datafield tag="115" ind1=" " ind2=" ">
      <marc:subfield code="a">c   aaizzuuz   bk  c</marc:subfield>
    </marc:datafield>
    <marc:datafield tag="181" ind1=" " ind2=" ">
      <marc:subfield code="6">01</marc:subfield>
      <marc:subfield code="a">b</marc:subfield>
      <marc:subfield code="b">xa2ae </marc:subfield>
    </marc:datafield>
    <marc:datafield tag="181" ind1=" " ind2=" ">
      <marc:subfield code="6">02</marc:subfield>
      <marc:subfield code="c">tdi</marc:subfield>
      <marc:subfield code="2">rda-frcontent</marc:subfield>
    </marc:datafield>
    <marc:datafield tag="182" ind1=" " ind2=" ">
      <marc:subfield code="6">01</marc:subfield>
      <marc:subfield code="a">g</marc:subfield>
    </marc:datafield>
    <marc:datafield tag="182" ind1=" " ind2=" ">
      <marc:subfield code="6">02</marc:subfield>
      <marc:subfield code="c">v</marc:subfield>
      <marc:subfield code="2">rda-frmedia</marc:subfield>
    </marc:datafield>
    <marc:datafield tag="183" ind1=" " ind2=" ">
      <marc:subfield code="6">02</marc:subfield>
      <marc:subfield code="a">vcc</marc:subfield>
      <marc:subfield code="2">rda-frcarrier</marc:subfield>
    </marc:datafield>
    <marc:datafield tag="200" ind1="1" ind2=" ">
      <marc:subfield code="a">Dracula</marc:subfield>
      <marc:subfield code="f">Tod Browning, [réalisateur]</marc:subfield>
      <marc:subfield code="g">scénario de Garrett Fort</marc:subfield>
      <marc:subfield code="g">d’après le roman de Bram Stoker et la pièce de Hamilton Deane et John L. Balderston</marc:subfield>
      <marc:subfield code="g">Bela Lugosi, David Manners, Helen Chandler... [et autres], [acteurs]</marc:subfield>
    </marc:datafield>
    <marc:datafield tag="214" ind1=" " ind2="0">
      <marc:subfield code="a">[Paris]</marc:subfield>
      <marc:subfield code="c">Universal StudioCanal vidéo</marc:subfield>
      <marc:subfield code="d">2014</marc:subfield>
    </marc:datafield>
    <marc:datafield tag="214" ind1=" " ind2="2">
      <marc:subfield code="a">[Paris]</marc:subfield>
      <marc:subfield code="c">Universal StudioCanal vidéo</marc:subfield>
      <marc:subfield code="d">2014</marc:subfield>
    </marc:datafield>
    <marc:datafield tag="215" ind1=" " ind2=" ">
      <marc:subfield code="a">1 BD vidéo</marc:subfield>
    </marc:datafield>
    <marc:datafield tag="304" ind1=" " ind2=" ">
      <marc:subfield code="a"> Notice rédigée d'après la jaquette</marc:subfield>
    </marc:datafield>
    <marc:datafield tag="327" ind1="2" ind2=" ">
      <marc:subfield code="a">Contient aussi : "Dracula" : version espagnole. Introduction à la version espagnole / par Lupita Tovar Kohner. "Dracula : la genèse". "Lugosi : le prince des ténèbres". "Dracula" : nouvelle bande sonore écrite par Philip Glass et interprétée par le Kronos quartet. "Sur les traces des monstres" : anecdotes interactives. , "Archives Dracula"."Dracula : la restauration"</marc:subfield>
    </marc:datafield>
    <marc:datafield tag="507" ind1="1" ind2=" ">
      <marc:subfield code="3">UMLRM0159</marc:subfield>
      <marc:subfield code="7">ba0yba0y</marc:subfield>
      <marc:subfield code="8">fre###</marc:subfield>
      <marc:subfield code="a">Dracula</marc:subfield>
      <marc:subfield code="c">film</marc:subfield>
      <marc:subfield code="d">1931</marc:subfield>
      <marc:subfield code="l">Version restaurée</marc:subfield>
      <marc:subfield code="m">Versions multiples (5 langues ; sous-titrage en 5 langues)</marc:subfield>
    </marc:datafield>
    <marc:datafield tag="507" ind1="0" ind2=" ">
      <marc:subfield code="3">UMLRM0162</marc:subfield>
      <marc:subfield code="7">ba0yba0y</marc:subfield>
      <marc:subfield code="8">frespa</marc:subfield>
      <marc:subfield code="a">Drácula</marc:subfield>
      <marc:subfield code="c">film</marc:subfield>
      <marc:subfield code="d">1931</marc:subfield>
      <marc:subfield code="f">espagnol</marc:subfield>
      <marc:subfield code="l">Version restaurée</marc:subfield>
    </marc:datafield>
    <marc:datafield tag="577" ind1="0" ind2="1">
      <marc:subfield code="3">UMLRM0157</marc:subfield>
      <marc:subfield code="7">ba0yba0y</marc:subfield>
      <marc:subfield code="8">fre###</marc:subfield>
      <marc:subfield code="a">Glass, Philip (1937-....)</marc:subfield>
      <marc:subfield code="t">Dracula</marc:subfield>
      <marc:subfield code="n">Musique exécutée</marc:subfield>
      <marc:subfield code="w">Kronos quartet</marc:subfield>
    </marc:datafield>
    <marc:datafield tag="801" ind1=" " ind2="0">
      <marc:subfield code="a">FR</marc:subfield>
      <marc:subfield code="b">FR-751131015</marc:subfield>
      <marc:subfield code="c">20140919</marc:subfield>
      <marc:subfield code="g">RDA-FR</marc:subfield>
      <marc:subfield code="h">FRBNF438976740000002</marc:subfield>
    </marc:datafield>
  </marc:record>