
  <marc:record>
    <marc:leader>01647ngm a2200301 i 4500</marc:leader>
    <marc:controlfield tag="001">UMLRM0168</marc:controlfield>
    <marc:datafield tag="071" ind1="4" ind2="1">
      <marc:subfield code="a">ED 020D</marc:subfield>
      <marc:subfield code="b">ED Distribution</marc:subfield>
      <marc:subfield code="c">en coffret</marc:subfield>
    </marc:datafield>
    <marc:datafield tag="073" ind1=" " ind2="0">
      <marc:subfield code="a">3341348720739</marc:subfield>
    </marc:datafield>
    <marc:datafield tag="100" ind1=" " ind2=" ">
      <marc:subfield code="a">20221021d2005    x  y0frey50      ba</marc:subfield>
    </marc:datafield>
    <marc:datafield tag="102" ind1=" " ind2=" ">
      <marc:subfield code="a">FR</marc:subfield>
    </marc:datafield>
    <marc:datafield tag="115" ind1=" " ind2=" ">
      <marc:subfield code="a">c   caiz       bk  c</marc:subfield>
    </marc:datafield>
    <marc:datafield tag="181" ind1=" " ind2=" ">
      <marc:subfield code="6">01</marc:subfield>
      <marc:subfield code="a">b</marc:subfield>
      <marc:subfield code="b">xa2ae </marc:subfield>
    </marc:datafield>
    <marc:datafield tag="181" ind1=" " ind2=" ">
      <marc:subfield code="6">02</marc:subfield>
      <marc:subfield code="c">tdi</marc:subfield>
      <marc:subfield code="2">rda-frcontent</marc:subfield>
    </marc:datafield>
    <marc:datafield tag="182" ind1=" " ind2=" ">
      <marc:subfield code="6">01</marc:subfield>
      <marc:subfield code="a">g</marc:subfield>
    </marc:datafield>
    <marc:datafield tag="182" ind1=" " ind2=" ">
      <marc:subfield code="6">02</marc:subfield>
      <marc:subfield code="c">v</marc:subfield>
      <marc:subfield code="2">rda-frmedia</marc:subfield>
    </marc:datafield>
    <marc:datafield tag="183" ind1=" " ind2=" ">
      <marc:subfield code="6">02</marc:subfield>
      <marc:subfield code="a">vcc</marc:subfield>
      <marc:subfield code="2">rda-frcarrier</marc:subfield>
    </marc:datafield>
    <marc:datafield tag="200" ind1="1" ind2=" ">
      <marc:subfield code="a">Guy Maddin</marc:subfield>
    </marc:datafield>
    <marc:datafield tag="214" ind1=" " ind2="0">
      <marc:subfield code="a">[Paris]</marc:subfield>
      <marc:subfield code="c">ED distribution</marc:subfield>
      <marc:subfield code="d">[DL 2012]</marc:subfield>
    </marc:datafield>
    <marc:datafield tag="214" ind1=" " ind2="2">
      <marc:subfield code="a">[Paris]</marc:subfield>
      <marc:subfield code="c">ED distribution</marc:subfield>
    </marc:datafield>
    <marc:datafield tag="215" ind1=" " ind2=" ">
      <marc:subfield code="a">4 DVD vidéo</marc:subfield>
      <marc:subfield code="c">monoface simple couche, PAL, toutes zones</marc:subfield>
    </marc:datafield>
    <marc:datafield tag="305" ind1=" " ind2=" ">
      <marc:subfield code="a">Nouvelle édition sous coffret</marc:subfield>
    </marc:datafield>
    <marc:datafield tag="371" ind1="1" ind2=" ">
      <marc:subfield code="a">Interdit à la location</marc:subfield>
    </marc:datafield>
    <marc:datafield tag="451" ind1=" " ind2="1">
      <marc:subfield code="t">Tales from the Gimli hospital</marc:subfield>
      <marc:subfield code="f">un film de Guy Maddin,[réalisateur, scénario, mise en scène]</marc:subfield>
      <marc:subfield code="g">Kyle McCulloch, Michael Gottli, Angela Heck... [et autres], [acteurs]</marc:subfield>
      <marc:subfield code="c">[Paris]</marc:subfield>
      <marc:subfield code="n">ED distribution</marc:subfield>
      <marc:subfield code="d">[DL 2005]</marc:subfield>
      <marc:subfield code="p">1 DVD vidéo</marc:subfield>
    </marc:datafield>
    <marc:datafield tag="451" ind1=" " ind2="1">
      <marc:subfield code="t">Archangel</marc:subfield>
      <marc:subfield code="f">un film de Guy Maddin, [réalisateur]</marc:subfield>
      <marc:subfield code="g">scénario Guy Maddin et George Toles</marc:subfield>
      <marc:subfield code="g">Kyle McCulloch, Kathy MaryKuca, Sarah Neville... [et autres], [acteurs] ]</marc:subfield>
      <marc:subfield code="c">[Paris]</marc:subfield>
      <marc:subfield code="n">ED distribution</marc:subfield>
      <marc:subfield code="d">[DL 2005]</marc:subfield>
      <marc:subfield code="p">1 DVD vidéo</marc:subfield>
    </marc:datafield>
    <marc:datafield tag="451" ind1=" " ind2="1">
      <marc:subfield code="0">UMLRM0137</marc:subfield>
      <marc:subfield code="t">Dracula</marc:subfield>
      <marc:subfield code="o">pages tirées du journal d'une vierge</marc:subfield>
      <marc:subfield code="l">Dracula</marc:subfield>
      <marc:subfield code="o">pages from a virgin's diary</marc:subfield>
      <marc:subfield code="f">un film de Guy Maddin, [réalisateur]</marc:subfield>
      <marc:subfield code="g">musique de Gustav Mahler</marc:subfield>
      <marc:subfield code="c">[Paris]</marc:subfield>
      <marc:subfield code="n">ED distribution</marc:subfield>
      <marc:subfield code="d">[DL 2005]</marc:subfield>
      <marc:subfield code="p">1 DVD vidéo</marc:subfield>
    </marc:datafield>
    <marc:datafield tag="507" ind1="1" ind2=" ">
      <marc:subfield code="3">UMLRM0167</marc:subfield>
      <marc:subfield code="7">ba0yba0y</marc:subfield>
      <marc:subfield code="8">fre###</marc:subfield>
      <marc:subfield code="a">Guy Maddin</marc:subfield>
      <marc:subfield code="k">ED Distribution</marc:subfield>
      <marc:subfield code="m">Anglais ; sous-titrage en français</marc:subfield>
      <marc:subfield code="n">Image animée</marc:subfield>
    </marc:datafield>
    <marc:datafield tag="712" ind1="2" ind2="0">
      <marc:subfield code="3">FRBNF14010888</marc:subfield>
      <marc:subfield code="7">ba0yba0y</marc:subfield>
      <marc:subfield code="8">frefre</marc:subfield>
      <marc:subfield code="a">ED Distribution</marc:subfield>
      <marc:subfield code="4">650</marc:subfield>
      <marc:subfield code="4">310</marc:subfield>
    </marc:datafield>
    <marc:datafield tag="801" ind1=" " ind2="0">
      <marc:subfield code="a">FR</marc:subfield>
      <marc:subfield code="b">FR-751131015</marc:subfield>
      <marc:subfield code="c">20221021</marc:subfield>
      <marc:subfield code="g">RDA-FR</marc:subfield>
      <marc:subfield code="h">FRBNF427494470000000</marc:subfield>
    </marc:datafield>
  </marc:record>