
  <marc:record>
    <marc:leader>00777nkm a2200181 i 4500</marc:leader>
    <marc:controlfield tag="001">UMLRM0171</marc:controlfield>
    <marc:datafield tag="100" ind1=" " ind2=" ">
      <marc:subfield code="a">20221024d2003    x  y0frey50      ba</marc:subfield>
    </marc:datafield>
    <marc:datafield tag="102" ind1=" " ind2=" ">
      <marc:subfield code="a">FR</marc:subfield>
    </marc:datafield>
    <marc:datafield tag="181" ind1=" " ind2=" ">
      <marc:subfield code="a">b </marc:subfield>
      <marc:subfield code="b">xb2e  </marc:subfield>
    </marc:datafield>
    <marc:datafield tag="182" ind1=" " ind2=" ">
      <marc:subfield code="a">n</marc:subfield>
    </marc:datafield>
    <marc:datafield tag="183" ind1=" " ind2=" ">
      <marc:subfield code="a">nda</marc:subfield>
      <marc:subfield code="2">RDAfrCarrier</marc:subfield>
    </marc:datafield>
    <marc:datafield tag="200" ind1="1" ind2=" ">
      <marc:subfield code="a">Dracula, pages tirées du journal d’une vierge, un film de Guy Maddin</marc:subfield>
      <marc:subfield code="e">[affiche]</marc:subfield>
      <marc:subfield code="f">[V. Gauriat]</marc:subfield>
    </marc:datafield>
    <marc:datafield tag="214" ind1=" " ind2="0">
      <marc:subfield code="a">[Paris]</marc:subfield>
      <marc:subfield code="c">ED distribution</marc:subfield>
      <marc:subfield code="d">[2003]</marc:subfield>
    </marc:datafield>
    <marc:datafield tag="214" ind1=" " ind2="3">
      <marc:subfield code="a">Aubervilliers</marc:subfield>
      <marc:subfield code="c">Imprimerie Karcher</marc:subfield>
    </marc:datafield>
    <marc:datafield tag="215" ind1=" " ind2=" ">
      <marc:subfield code="a">1 feuille</marc:subfield>
      <marc:subfield code="d">160 x 120 cm</marc:subfield>
    </marc:datafield>
    <marc:datafield tag="577" ind1="1" ind2="1">
      <marc:subfield code="3">UMLRM0170</marc:subfield>
      <marc:subfield code="7">ba0yba0y</marc:subfield>
      <marc:subfield code="8">frefre</marc:subfield>
      <marc:subfield code="a">Gauriat, Vincent</marc:subfield>
      <marc:subfield code="t">Dracula, pages tirées du journal d’une vierge, un film de Guy Maddin</marc:subfield>
      <marc:subfield code="n">Image fixe</marc:subfield>
    </marc:datafield>
    <marc:datafield tag="712" ind1="0" ind2="2">
      <marc:subfield code="3">FRBNF13558618</marc:subfield>
      <marc:subfield code="7">ba0yba0y</marc:subfield>
      <marc:subfield code="8">frefre</marc:subfield>
      <marc:subfield code="o">ISNI 0000 0001 1941 2476</marc:subfield>
      <marc:subfield code="a">Imprimerie A. Karcher</marc:subfield>
      <marc:subfield code="4">610</marc:subfield>
    </marc:datafield>
    <marc:datafield tag="801" ind1=" " ind2="0">
      <marc:subfield code="a">FR</marc:subfield>
      <marc:subfield code="b">FR-751045101</marc:subfield>
      <marc:subfield code="c">20220928</marc:subfield>
      <marc:subfield code="g">RDA-FR</marc:subfield>
      <marc:subfield code="h">FRBNF405661520000009</marc:subfield>
    </marc:datafield>
  </marc:record>