
  <marc:record>
    <marc:leader>02387ngm a2200325 i 4500</marc:leader>
    <marc:controlfield tag="001">UMLRM0176</marc:controlfield>
    <marc:datafield tag="071" ind1="4" ind2="1">
      <marc:subfield code="a">DVD 167</marc:subfield>
      <marc:subfield code="b">RDM vidéo</marc:subfield>
      <marc:subfield code="c">en coffret</marc:subfield>
    </marc:datafield>
    <marc:datafield tag="073" ind1=" " ind2="0">
      <marc:subfield code="a">3125127221675</marc:subfield>
    </marc:datafield>
    <marc:datafield tag="100" ind1=" " ind2=" ">
      <marc:subfield code="a">20221029d2013    x  y0frey50      ba</marc:subfield>
    </marc:datafield>
    <marc:datafield tag="102" ind1=" " ind2=" ">
      <marc:subfield code="a">FR</marc:subfield>
    </marc:datafield>
    <marc:datafield tag="115" ind1=" " ind2=" ">
      <marc:subfield code="a">c   caiz       bk  c</marc:subfield>
    </marc:datafield>
    <marc:datafield tag="181" ind1=" " ind2=" ">
      <marc:subfield code="6">01</marc:subfield>
      <marc:subfield code="a">b</marc:subfield>
      <marc:subfield code="b">xa2ae </marc:subfield>
    </marc:datafield>
    <marc:datafield tag="181" ind1=" " ind2=" ">
      <marc:subfield code="6">02</marc:subfield>
      <marc:subfield code="c">tdi</marc:subfield>
      <marc:subfield code="2">rda-frcontent</marc:subfield>
    </marc:datafield>
    <marc:datafield tag="182" ind1=" " ind2=" ">
      <marc:subfield code="6">01</marc:subfield>
      <marc:subfield code="a">g</marc:subfield>
    </marc:datafield>
    <marc:datafield tag="182" ind1=" " ind2=" ">
      <marc:subfield code="6">02</marc:subfield>
      <marc:subfield code="c">v</marc:subfield>
      <marc:subfield code="2">rda-frmedia</marc:subfield>
    </marc:datafield>
    <marc:datafield tag="183" ind1=" " ind2=" ">
      <marc:subfield code="6">02</marc:subfield>
      <marc:subfield code="a">vcc</marc:subfield>
      <marc:subfield code="2">rda-frcarrier</marc:subfield>
    </marc:datafield>
    <marc:datafield tag="200" ind1="1" ind2=" ">
      <marc:subfield code="a">Les grands classiques du cinéma allemand</marc:subfield>
    </marc:datafield>
    <marc:datafield tag="214" ind1=" " ind2="0">
      <marc:subfield code="a">[Sannois]</marc:subfield>
      <marc:subfield code="c">RDM vidéo</marc:subfield>
      <marc:subfield code="d">[DL 2013]</marc:subfield>
    </marc:datafield>
    <marc:datafield tag="214" ind1=" " ind2="2">
      <marc:subfield code="a">[Sannois]</marc:subfield>
      <marc:subfield code="c">RDM vidéo</marc:subfield>
    </marc:datafield>
    <marc:datafield tag="215" ind1=" " ind2=" ">
      <marc:subfield code="a">7 DVD vidéo</marc:subfield>
      <marc:subfield code="c">monoface double couche, 4/3, PAL, toutes zones</marc:subfield>
    </marc:datafield>
    <marc:datafield tag="304" ind1=" " ind2=" ">
      <marc:subfield code="a">Notice rédigée d'après la jaquette</marc:subfield>
    </marc:datafield>
    <marc:datafield tag="305" ind1=" " ind2=" ">
      <marc:subfield code="a">Nouvelle édition sous coffret</marc:subfield>
    </marc:datafield>
    <marc:datafield tag="451" ind1=" " ind2="1">
      <marc:subfield code="0">UMLRM0003</marc:subfield>
      <marc:subfield code="t">Nosferatu</marc:subfield>
      <marc:subfield code="f">réalisation Friedrich W. Murnau</marc:subfield>
      <marc:subfield code="g">d’après le roman "Dracula" de Bram Stoker</marc:subfield>
      <marc:subfield code="g">scénario et adaptation Henrik Galeen</marc:subfield>
      <marc:subfield code="g">avec Max Schreck, Greta Schroeder, Gustav von Wangenheim... [et autres]</marc:subfield>
      <marc:subfield code="c">[Sannois]</marc:subfield>
      <marc:subfield code="n">RDM vidéo [éditeur, distributeur]</marc:subfield>
      <marc:subfield code="d">[DL 2012]</marc:subfield>
      <marc:subfield code="p">1 DVD vidéo</marc:subfield>
    </marc:datafield>
    <marc:datafield tag="451" ind1=" " ind2="1">
      <marc:subfield code="t">Le Golem</marc:subfield>
      <marc:subfield code="l">Der Golem, wie er in die Welt kam</marc:subfield>
      <marc:subfield code="f">un film de Paul Wegener</marc:subfield>
      <marc:subfield code="g">scénario de Henrik Galeen, Paul Wegener</marc:subfield>
      <marc:subfield code="g">avec Paul Wegener, Albert Steinrück, Lyda Salmonova... [et autres] ]</marc:subfield>
      <marc:subfield code="c">[Sannois]</marc:subfield>
      <marc:subfield code="n">RDM vidéo [éditeur, distributeur]</marc:subfield>
      <marc:subfield code="d">[DL 2013]</marc:subfield>
      <marc:subfield code="p">1 DVD vidéo</marc:subfield>
    </marc:datafield>
    <marc:datafield tag="451" ind1=" " ind2="1">
      <marc:subfield code="t">M le maudit</marc:subfield>
      <marc:subfield code="f">un film de Fritz Lang</marc:subfield>
      <marc:subfield code="g">scénario de Thea von Harbou, Fritz Lang</marc:subfield>
      <marc:subfield code="g"> avec Peter Lorre, Otto Wernicke, Gustaf Gründgens... [et autres]</marc:subfield>
      <marc:subfield code="c">[Sannois]</marc:subfield>
      <marc:subfield code="n">RDM vidéo [éditeur, distributeur]</marc:subfield>
      <marc:subfield code="d">[DL 2012]</marc:subfield>
      <marc:subfield code="p">1 DVD vidéo</marc:subfield>
    </marc:datafield>
    <marc:datafield tag="451" ind1=" " ind2="1">
      <marc:subfield code="t">Le cabinet du docteur Caligari</marc:subfield>
      <marc:subfield code="l">Das Cabinet des Doktor Caligari</marc:subfield>
      <marc:subfield code="f">un film de Robert Wiene</marc:subfield>
      <marc:subfield code="g">scénario de Carl Mayer et Hans Janowitz</marc:subfield>
      <marc:subfield code="g">avec Werner Krauss, Conrad Veidt, Lil Dagover... [et autres]</marc:subfield>
      <marc:subfield code="c">[Sannois]</marc:subfield>
      <marc:subfield code="n">RDM vidéo [éditeur, distributeur]</marc:subfield>
      <marc:subfield code="d">[DL 2012]</marc:subfield>
      <marc:subfield code="p">1 DVD vidéo</marc:subfield>
    </marc:datafield>
    <marc:datafield tag="451" ind1=" " ind2="1">
      <marc:subfield code="t">Dr. Mabuse, le joueur</marc:subfield>
      <marc:subfield code="l">Dr. Mabuse, der Spieler</marc:subfield>
      <marc:subfield code="f"> un film de Fritz Lang</marc:subfield>
      <marc:subfield code="g">scénario de Fritz Lang et Thea von Harbou</marc:subfield>
      <marc:subfield code="g">avec Rudolf Klein-Rogge, Bernhard Goetzke, Alfred Abel... [et autres]</marc:subfield>
      <marc:subfield code="c">[Sannois]</marc:subfield>
      <marc:subfield code="n">RDM vidéo [éditeur, distributeur]</marc:subfield>
      <marc:subfield code="d">[DL 2013]</marc:subfield>
      <marc:subfield code="p">2 DVD vidéo</marc:subfield>
    </marc:datafield>
    <marc:datafield tag="507" ind1="1" ind2=" ">
      <marc:subfield code="3">UMLRM0175</marc:subfield>
      <marc:subfield code="7">ba0yba0y</marc:subfield>
      <marc:subfield code="8">frefre</marc:subfield>
      <marc:subfield code="a">Les grands classiques du cinéma allemand</marc:subfield>
      <marc:subfield code="k">RDM vidéo</marc:subfield>
      <marc:subfield code="m">Anglais, allemand, français ; sous-titrage en français</marc:subfield>
      <marc:subfield code="n">Image animée</marc:subfield>
    </marc:datafield>
    <marc:datafield tag="712" ind1="2" ind2="0">
      <marc:subfield code="7">ba0yba0y</marc:subfield>
      <marc:subfield code="8">frefre</marc:subfield>
      <marc:subfield code="a">RDM vidéo</marc:subfield>
      <marc:subfield code="4">650</marc:subfield>
      <marc:subfield code="4">310</marc:subfield>
    </marc:datafield>
    <marc:datafield tag="801" ind1=" " ind2="0">
      <marc:subfield code="a">FR</marc:subfield>
      <marc:subfield code="b">FR-751131015</marc:subfield>
      <marc:subfield code="c">20221029</marc:subfield>
      <marc:subfield code="g">RDA-FR</marc:subfield>
      <marc:subfield code="h">FRBNF436064770000000</marc:subfield>
    </marc:datafield>
  </marc:record>