
  <marc:record>
    <marc:leader>01172nam a2200265 i 4500</marc:leader>
    <marc:controlfield tag="001">UMLRM0179</marc:controlfield>
    <marc:datafield tag="010" ind1=" " ind2=" ">
      <marc:subfield code="9">78-2-218-96671-2</marc:subfield>
      <marc:subfield code="b">Broché</marc:subfield>
      <marc:subfield code="d">4,95 EUR</marc:subfield>
    </marc:datafield>
    <marc:datafield tag="073" ind1=" " ind2="0">
      <marc:subfield code="a">9782218966712</marc:subfield>
    </marc:datafield>
    <marc:datafield tag="100" ind1=" " ind2=" ">
      <marc:subfield code="a">20221018d2013    x  y0frey50      ba</marc:subfield>
    </marc:datafield>
    <marc:datafield tag="102" ind1=" " ind2=" ">
      <marc:subfield code="a">FR</marc:subfield>
    </marc:datafield>
    <marc:datafield tag="181" ind1=" " ind2=" ">
      <marc:subfield code="a">i </marc:subfield>
      <marc:subfield code="b">axxe  </marc:subfield>
    </marc:datafield>
    <marc:datafield tag="182" ind1=" " ind2=" ">
      <marc:subfield code="a">n</marc:subfield>
    </marc:datafield>
    <marc:datafield tag="183" ind1=" " ind2=" ">
      <marc:subfield code="a">nga</marc:subfield>
      <marc:subfield code="2">RDAfrCarrier</marc:subfield>
    </marc:datafield>
    <marc:datafield tag="200" ind1="1" ind2=" ">
      <marc:subfield code="a">Dracula</marc:subfield>
      <marc:subfield code="e">vers 1897</marc:subfield>
      <marc:subfield code="f">Bram Stoker</marc:subfield>
      <marc:subfield code="g">traduit de l'anglais par Josette Chicheportiche</marc:subfield>
      <marc:subfield code="g">notes et dossier, Fanny Deschamps[...]</marc:subfield>
    </marc:datafield>
    <marc:datafield tag="205" ind1=" " ind2=" ">
      <marc:subfield code="a">Texte abrégé</marc:subfield>
    </marc:datafield>
    <marc:datafield tag="214" ind1=" " ind2="0">
      <marc:subfield code="a">Paris</marc:subfield>
      <marc:subfield code="c">Hatier</marc:subfield>
      <marc:subfield code="d">DL 2013</marc:subfield>
    </marc:datafield>
    <marc:datafield tag="214" ind1=" " ind2="3">
      <marc:subfield code="a">Italie</marc:subfield>
    </marc:datafield>
    <marc:datafield tag="215" ind1=" " ind2=" ">
      <marc:subfield code="a">1 volume (317 pages)</marc:subfield>
      <marc:subfield code="c">illustrations, couverture illustrée en couleur</marc:subfield>
      <marc:subfield code="d">18 cm</marc:subfield>
    </marc:datafield>
    <marc:datafield tag="225" ind1="2" ind2=" ">
      <marc:subfield code="a">Classiques &amp; Cie</marc:subfield>
      <marc:subfield code="i">Collège</marc:subfield>
      <marc:subfield code="v">68</marc:subfield>
    </marc:datafield>
    <marc:datafield tag="320" ind1=" " ind2=" ">
      <marc:subfield code="a">Bibliographie, filmographie pages 313-315. Lexique</marc:subfield>
    </marc:datafield>
    <marc:datafield tag="410" ind1=" " ind2="0">
      <marc:subfield code="0">FRBNF41499015</marc:subfield>
      <marc:subfield code="t">Classiques &amp; Cie. Collège</marc:subfield>
      <marc:subfield code="x">2102-2496</marc:subfield>
      <marc:subfield code="v">68</marc:subfield>
    </marc:datafield>
    <marc:datafield tag="410" ind1=" " ind2="0">
      <marc:subfield code="0">FRBNF38888479</marc:subfield>
      <marc:subfield code="t">Classiques &amp; Cie</marc:subfield>
      <marc:subfield code="x">1636-7391</marc:subfield>
      <marc:subfield code="d">2013</marc:subfield>
    </marc:datafield>
    <marc:datafield tag="577" ind1="1" ind2="1">
      <marc:subfield code="3">UMLRM0053</marc:subfield>
      <marc:subfield code="7">ba0yba0y</marc:subfield>
      <marc:subfield code="8"> freeng</marc:subfield>
      <marc:subfield code="a">Stoker, Bram (1847-1912)</marc:subfield>
      <marc:subfield code="t">Dracula</marc:subfield>
      <marc:subfield code="l">Version abrégée</marc:subfield>
      <marc:subfield code="w">Chichportiche</marc:subfield>
      <marc:subfield code="m">Français</marc:subfield>
      <marc:subfield code="n">Texte noté</marc:subfield>
    </marc:datafield>
    <marc:datafield tag="702" ind1=" " ind2="1">
      <marc:subfield code="3">FRBNF14623074</marc:subfield>
      <marc:subfield code="7">ba0yba0y</marc:subfield>
      <marc:subfield code="8">fre###</marc:subfield>
      <marc:subfield code="o">ISNI000000000323564X</marc:subfield>
      <marc:subfield code="a">Deschamps</marc:subfield>
      <marc:subfield code="b">Fanny</marc:subfield>
      <marc:subfield code="f">1977-....</marc:subfield>
      <marc:subfield code="4">340</marc:subfield>
    </marc:datafield>
    <marc:datafield tag="801" ind1=" " ind2="0">
      <marc:subfield code="a">FR</marc:subfield>
      <marc:subfield code="b">FR-751131015</marc:subfield>
      <marc:subfield code="c">20221018</marc:subfield>
      <marc:subfield code="g">RDA-FR</marc:subfield>
      <marc:subfield code="h"> FRBNF437120060000005</marc:subfield>
    </marc:datafield>
  </marc:record>