
  <marc:record>
    <marc:leader>01109ngm a2200241 i 4500</marc:leader>
    <marc:controlfield tag="001">UMLRM0182</marc:controlfield>
    <marc:datafield tag="071" ind1="4" ind2="1">
      <marc:subfield code="a">ZFP61069</marc:subfield>
      <marc:subfield code="b">Warner home video</marc:subfield>
      <marc:subfield code="c">Boîte</marc:subfield>
    </marc:datafield>
    <marc:datafield tag="100" ind1=" " ind2=" ">
      <marc:subfield code="a">20221104d1985    x  y0frey50      ba</marc:subfield>
    </marc:datafield>
    <marc:datafield tag="102" ind1=" " ind2=" ">
      <marc:subfield code="a">FR</marc:subfield>
    </marc:datafield>
    <marc:datafield tag="115" ind1=" " ind2=" ">
      <marc:subfield code="a">c   bahoxux    cbxxd</marc:subfield>
    </marc:datafield>
    <marc:datafield tag="181" ind1=" " ind2=" ">
      <marc:subfield code="6">01</marc:subfield>
      <marc:subfield code="a">b</marc:subfield>
      <marc:subfield code="b">xa2ae </marc:subfield>
    </marc:datafield>
    <marc:datafield tag="181" ind1=" " ind2=" ">
      <marc:subfield code="6">02</marc:subfield>
      <marc:subfield code="c">tdi</marc:subfield>
      <marc:subfield code="2">rda-frcontent</marc:subfield>
    </marc:datafield>
    <marc:datafield tag="182" ind1=" " ind2=" ">
      <marc:subfield code="6">01</marc:subfield>
      <marc:subfield code="a">g</marc:subfield>
    </marc:datafield>
    <marc:datafield tag="182" ind1=" " ind2=" ">
      <marc:subfield code="6">02</marc:subfield>
      <marc:subfield code="c">v</marc:subfield>
      <marc:subfield code="2">rda-frmedia</marc:subfield>
    </marc:datafield>
    <marc:datafield tag="183" ind1=" " ind2=" ">
      <marc:subfield code="6">02</marc:subfield>
      <marc:subfield code="a">vba</marc:subfield>
      <marc:subfield code="2">rda-frcarrier</marc:subfield>
    </marc:datafield>
    <marc:datafield tag="200" ind1="1" ind2=" ">
      <marc:subfield code="a">Dracula et les femmes</marc:subfield>
      <marc:subfield code="d">Dracula has risen from the grave‎</marc:subfield>
      <marc:subfield code="f">avec Christopher Lee, Rupert Davies</marc:subfield>
      <marc:subfield code="g">[réalisation Freddie Francis]</marc:subfield>
      <marc:subfield code="g">[scénario de John Elder d’après l’oeuvre de Bram Stoker]</marc:subfield>
      <marc:subfield code="g">[musique de James Bernard]</marc:subfield>
      <marc:subfield code="g">une production Hammer film</marc:subfield>
      <marc:subfield code="z">eng</marc:subfield>
    </marc:datafield>
    <marc:datafield tag="214" ind1=" " ind2="0">
      <marc:subfield code="a">[Paris]</marc:subfield>
      <marc:subfield code="c">Warner home video France</marc:subfield>
      <marc:subfield code="d">DL 1985</marc:subfield>
    </marc:datafield>
    <marc:datafield tag="214" ind1=" " ind2="2">
      <marc:subfield code="a">Paris</marc:subfield>
      <marc:subfield code="c">Warner home video France</marc:subfield>
    </marc:datafield>
    <marc:datafield tag="215" ind1=" " ind2=" ">
      <marc:subfield code="a">1 cassette vidéo</marc:subfield>
      <marc:subfield code="c">VHS, SECAM</marc:subfield>
    </marc:datafield>
    <marc:datafield tag="507" ind1="1" ind2=" ">
      <marc:subfield code="3">UMLRM0181</marc:subfield>
      <marc:subfield code="a">Dracula has risen from the grave</marc:subfield>
      <marc:subfield code="c">film</marc:subfield>
      <marc:subfield code="m">Français</marc:subfield>
    </marc:datafield>
    <marc:datafield tag="510" ind1="1" ind2=" ">
      <marc:subfield code="a">Dracula has risen from the grave</marc:subfield>
      <marc:subfield code="z">eng</marc:subfield>
    </marc:datafield>
    <marc:datafield tag="712" ind1="0" ind2="2">
      <marc:subfield code="3">FRBNF13890456</marc:subfield>
      <marc:subfield code="7">ba0yba0y</marc:subfield>
      <marc:subfield code="8">freeng</marc:subfield>
      <marc:subfield code="o">ISNI0000000121626641</marc:subfield>
      <marc:subfield code="a">Warner home video France</marc:subfield>
      <marc:subfield code="4">310</marc:subfield>
      <marc:subfield code="4">650</marc:subfield>
    </marc:datafield>
    <marc:datafield tag="801" ind1=" " ind2="0">
      <marc:subfield code="a">FR</marc:subfield>
      <marc:subfield code="b">FR-751131015</marc:subfield>
      <marc:subfield code="c">20220803</marc:subfield>
      <marc:subfield code="g">RDA-FR</marc:subfield>
      <marc:subfield code="h">FRBNF381583240000003</marc:subfield>
    </marc:datafield>
  </marc:record>