
  <marc:record>
    <marc:leader>01023ngm a2200241 i 4500</marc:leader>
    <marc:controlfield tag="001">UMLRM0188</marc:controlfield>
    <marc:datafield tag="071" ind1="0" ind2="1">
      <marc:subfield code="a">LIV 207M</marc:subfield>
      <marc:subfield code="b">Livraphone</marc:subfield>
      <marc:subfield code="c">Album</marc:subfield>
    </marc:datafield>
    <marc:datafield tag="073" ind1=" " ind2="0">
      <marc:subfield code="a">3358950010004</marc:subfield>
    </marc:datafield>
    <marc:datafield tag="100" ind1=" " ind2=" ">
      <marc:subfield code="a">20221110d2009    x  y0frey50      ba</marc:subfield>
    </marc:datafield>
    <marc:datafield tag="102" ind1=" " ind2=" ">
      <marc:subfield code="a">FR </marc:subfield>
    </marc:datafield>
    <marc:datafield tag="181" ind1=" " ind2="0">
      <marc:subfield code="6">01</marc:subfield>
      <marc:subfield code="a">h</marc:subfield>
      <marc:subfield code="b">xxxa  </marc:subfield>
    </marc:datafield>
    <marc:datafield tag="181" ind1=" " ind2=" ">
      <marc:subfield code="6">02</marc:subfield>
      <marc:subfield code="c">spw</marc:subfield>
      <marc:subfield code="2">rda-frcontent </marc:subfield>
    </marc:datafield>
    <marc:datafield tag="182" ind1=" " ind2="0">
      <marc:subfield code="6">01</marc:subfield>
      <marc:subfield code="a">a </marc:subfield>
    </marc:datafield>
    <marc:datafield tag="182" ind1=" " ind2=" ">
      <marc:subfield code="6">02</marc:subfield>
      <marc:subfield code="c">s</marc:subfield>
      <marc:subfield code="2">rda-frmedia </marc:subfield>
    </marc:datafield>
    <marc:datafield tag="183" ind1=" " ind2=" ">
      <marc:subfield code="6">02</marc:subfield>
      <marc:subfield code="a">sea</marc:subfield>
      <marc:subfield code="2">rda-frcarrier</marc:subfield>
    </marc:datafield>
    <marc:datafield tag="200" ind1="1" ind2=" ">
      <marc:subfield code="a">Dracula</marc:subfield>
      <marc:subfield code="e">texte intégral</marc:subfield>
      <marc:subfield code="f">Bram Stoker</marc:subfield>
      <marc:subfield code="g">interprété par Philippe Hérisson, Pierre Val, Jean-Claude Rey... [et autres]</marc:subfield>
    </marc:datafield>
    <marc:datafield tag="214" ind1=" " ind2="0">
      <marc:subfield code="a">Paris</marc:subfield>
      <marc:subfield code="c">Livraphone</marc:subfield>
      <marc:subfield code="d">[DL 2009]</marc:subfield>
    </marc:datafield>
    <marc:datafield tag="215" ind1=" " ind2=" ">
      <marc:subfield code="a">2 CD MP3</marc:subfield>
    </marc:datafield>
    <marc:datafield tag="323" ind1=" " ind2=" ">
      <marc:subfield code="a">Interprété aussi par : Floriane Gaber, Marianne Pitaressi, Marie-Laetitia Duchiron, Thierry Leclerc, Alexis Dessaux, Arnaud Saint-Père, Arnaud Didier Fuchs, voix</marc:subfield>
    </marc:datafield>
    <marc:datafield tag="507" ind1="1" ind2=" ">
      <marc:subfield code="3">UMLRM0187</marc:subfield>
      <marc:subfield code="7">ba0yba0y</marc:subfield>
      <marc:subfield code="8">freeng</marc:subfield>
      <marc:subfield code="a">Stoker, Bram (1847-1912)</marc:subfield>
      <marc:subfield code="t">Dracula</marc:subfield>
      <marc:subfield code="m">Français</marc:subfield>
      <marc:subfield code="n">Parole énoncée</marc:subfield>
    </marc:datafield>
    <marc:datafield tag="712" ind1="0" ind2="2">
      <marc:subfield code="3">FRBNF13889050</marc:subfield>
      <marc:subfield code="a">Livraphone</marc:subfield>
      <marc:subfield code="4">650</marc:subfield>
    </marc:datafield>
    <marc:datafield tag="716" ind1=" " ind2=" ">
      <marc:subfield code="3">FRBNF13876179</marc:subfield>
      <marc:subfield code="a">Livraphone</marc:subfield>
    </marc:datafield>
    <marc:datafield tag="801" ind1=" " ind2="0">
      <marc:subfield code="a">FR</marc:subfield>
      <marc:subfield code="b">FR-751131015</marc:subfield>
      <marc:subfield code="c">20221110</marc:subfield>
      <marc:subfield code="g">RDA-FR</marc:subfield>
      <marc:subfield code="h">FRBNF414399590000005</marc:subfield>
    </marc:datafield>
  </marc:record>