
  <marc:record>
    <marc:leader>02143ngm a2200337 i 4500</marc:leader>
    <marc:controlfield tag="001">UMLRM0190</marc:controlfield>
    <marc:datafield tag="071" ind1="4" ind2="1">
      <marc:subfield code="a">FG 315 648</marc:subfield>
      <marc:subfield code="b">EDV 1504</marc:subfield>
      <marc:subfield code="c">En coffret</marc:subfield>
    </marc:datafield>
    <marc:datafield tag="073" ind1=" " ind2="0">
      <marc:subfield code="a">3607483156483</marc:subfield>
    </marc:datafield>
    <marc:datafield tag="100" ind1=" " ind2=" ">
      <marc:subfield code="a">20221110d2015    x  y0frey50      ba</marc:subfield>
    </marc:datafield>
    <marc:datafield tag="102" ind1=" " ind2=" ">
      <marc:subfield code="a">FR</marc:subfield>
    </marc:datafield>
    <marc:datafield tag="115" ind1=" " ind2=" ">
      <marc:subfield code="a">c   baizxuxz   bkxxc</marc:subfield>
    </marc:datafield>
    <marc:datafield tag="181" ind1=" " ind2=" ">
      <marc:subfield code="6">01</marc:subfield>
      <marc:subfield code="a">b</marc:subfield>
      <marc:subfield code="b">xa2ae </marc:subfield>
    </marc:datafield>
    <marc:datafield tag="181" ind1=" " ind2=" ">
      <marc:subfield code="6">02</marc:subfield>
      <marc:subfield code="c">tdi</marc:subfield>
      <marc:subfield code="2">rda-frcontent</marc:subfield>
    </marc:datafield>
    <marc:datafield tag="182" ind1=" " ind2=" ">
      <marc:subfield code="6">01</marc:subfield>
      <marc:subfield code="a">g</marc:subfield>
    </marc:datafield>
    <marc:datafield tag="182" ind1=" " ind2=" ">
      <marc:subfield code="6">02</marc:subfield>
      <marc:subfield code="c">v</marc:subfield>
      <marc:subfield code="2">rda-frmedia</marc:subfield>
    </marc:datafield>
    <marc:datafield tag="183" ind1=" " ind2=" ">
      <marc:subfield code="6">02</marc:subfield>
      <marc:subfield code="a">vcc</marc:subfield>
      <marc:subfield code="2">rda-frcarrier</marc:subfield>
    </marc:datafield>
    <marc:datafield tag="200" ind1="1" ind2=" ">
      <marc:subfield code="a">Mel Brooks</marc:subfield>
    </marc:datafield>
    <marc:datafield tag="214" ind1=" " ind2="0">
      <marc:subfield code="a">[Neuilly-sur-Seine]</marc:subfield>
      <marc:subfield code="c">Gaumont vidéo</marc:subfield>
      <marc:subfield code="d">[2015]</marc:subfield>
    </marc:datafield>
    <marc:datafield tag="214" ind1=" " ind2="2">
      <marc:subfield code="a">Boulogne-Billancourt</marc:subfield>
      <marc:subfield code="c">Paramount home entertainment</marc:subfield>
    </marc:datafield>
    <marc:datafield tag="215" ind1=" " ind2=" ">
      <marc:subfield code="a">2 DVD vidéo</marc:subfield>
      <marc:subfield code="c">monoface double couche, 16/9 compatible 3/4, PAL, Dolby surround 2.0, toutes zones</marc:subfield>
    </marc:datafield>
    <marc:datafield tag="304" ind1=" " ind2=" ">
      <marc:subfield code="a">Notice rédigée d'après la jaquette</marc:subfield>
    </marc:datafield>
    <marc:datafield tag="305" ind1=" " ind2=" ">
      <marc:subfield code="a">Nouvelle édition sous coffret</marc:subfield>
    </marc:datafield>
    <marc:datafield tag="371" ind1="1" ind2=" ">
      <marc:subfield code="a">Interdit à la location</marc:subfield>
    </marc:datafield>
    <marc:datafield tag="451" ind1=" " ind2="1">
      <marc:subfield code="t">Sacré Robin des bois</marc:subfield>
      <marc:subfield code="l">Robin Hood, men in tights</marc:subfield>
      <marc:subfield code="f">un film de Mel Brooks</marc:subfield>
      <marc:subfield code="g">Cary Elwes, Richard Lewis, Roger Rees... [et autres], [acteurs]</marc:subfield>
      <marc:subfield code="g">musique, Hummie Mann</marc:subfield>
      <marc:subfield code="g">sujet, J. David Shapiro et Evan Chandler</marc:subfield>
      <marc:subfield code="g">scénario de Mel Brooks et Evan Chandler et J. David Shapiro</marc:subfield>
      <marc:subfield code="g">produit et réalisé par Mel Brooks</marc:subfield>
      <marc:subfield code="c">Neuilly-sur-Seine</marc:subfield>
      <marc:subfield code="n">Gaumont vidéo</marc:subfield>
      <marc:subfield code="d">2015</marc:subfield>
      <marc:subfield code="p">1 DVD vidéo</marc:subfield>
    </marc:datafield>
    <marc:datafield tag="451" ind1=" " ind2="1">
      <marc:subfield code="0">UMLRM0122</marc:subfield>
      <marc:subfield code="t">Dracula, mort et heureux de l’être</marc:subfield>
      <marc:subfield code="l">Dracula dead and loving it</marc:subfield>
      <marc:subfield code="f">un film de Mel Brooks</marc:subfield>
      <marc:subfield code="g">Leslie Nielsen, Peter MacNicol, Steven Weber... [et autres], [acteurs]</marc:subfield>
      <marc:subfield code="g">musique, Hummie Mann</marc:subfield>
      <marc:subfield code="g">histoire de Rudy De Luca &amp; Steve Haberman</marc:subfield>
      <marc:subfield code="g">scénario de Mel Brooks &amp; Rudy De Luca &amp; Steve Haberman=</marc:subfield>
      <marc:subfield code="g">produit et réalisé par Mel Brooks</marc:subfield>
      <marc:subfield code="c">Neuilly-sur-Seine</marc:subfield>
      <marc:subfield code="n">Gaumont vidéo</marc:subfield>
      <marc:subfield code="d">2009</marc:subfield>
      <marc:subfield code="p">1 DVD vidéo</marc:subfield>
    </marc:datafield>
    <marc:datafield tag="507" ind1="0" ind2=" ">
      <marc:subfield code="7">ba0yba0y</marc:subfield>
      <marc:subfield code="8">freeng</marc:subfield>
      <marc:subfield code="a">Robin Hood, men in tights</marc:subfield>
      <marc:subfield code="c">film</marc:subfield>
      <marc:subfield code="m">Anglais ; sous-titrage optionnel en français</marc:subfield>
      <marc:subfield code="o">2015</marc:subfield>
    </marc:datafield>
    <marc:datafield tag="507" ind1="0" ind2=" ">
      <marc:subfield code="7">ba0yba0y</marc:subfield>
      <marc:subfield code="8">freeng</marc:subfield>
      <marc:subfield code="a">Robin Hood, men in tights</marc:subfield>
      <marc:subfield code="c">film</marc:subfield>
      <marc:subfield code="m">Français</marc:subfield>
      <marc:subfield code="o">2015</marc:subfield>
    </marc:datafield>
    <marc:datafield tag="507" ind1="0" ind2=" ">
      <marc:subfield code="3">UMLRM0189</marc:subfield>
      <marc:subfield code="7">ba0yba0y</marc:subfield>
      <marc:subfield code="8">freeng</marc:subfield>
      <marc:subfield code="a">Dracula, dead and loving it</marc:subfield>
      <marc:subfield code="c">film</marc:subfield>
      <marc:subfield code="m">Anglais ; sous-titrage optionnel en français</marc:subfield>
      <marc:subfield code="o">2009</marc:subfield>
    </marc:datafield>
    <marc:datafield tag="507" ind1="0" ind2=" ">
      <marc:subfield code="3">UMLRM0121</marc:subfield>
      <marc:subfield code="7">ba0yba0y</marc:subfield>
      <marc:subfield code="8">freeng</marc:subfield>
      <marc:subfield code="a">Dracula, dead and loving it</marc:subfield>
      <marc:subfield code="c">film</marc:subfield>
      <marc:subfield code="m">Français</marc:subfield>
      <marc:subfield code="o">2009</marc:subfield>
    </marc:datafield>
    <marc:datafield tag="712" ind1="0" ind2="2">
      <marc:subfield code="7">ba0yba0y</marc:subfield>
      <marc:subfield code="8">frefre</marc:subfield>
      <marc:subfield code="a">Gaumont vidéo</marc:subfield>
      <marc:subfield code="4">650</marc:subfield>
    </marc:datafield>
    <marc:datafield tag="801" ind1=" " ind2="0">
      <marc:subfield code="a">FR</marc:subfield>
      <marc:subfield code="b">FR-751131015</marc:subfield>
      <marc:subfield code="c">20221110</marc:subfield>
      <marc:subfield code="g">RDA-FR</marc:subfield>
      <marc:subfield code="h">FRBNF443681220000000</marc:subfield>
    </marc:datafield>
  </marc:record>