
  <marc:record>
    <marc:leader>01103nim a2200241 i 4500</marc:leader>
    <marc:controlfield tag="001">UMLRM0193</marc:controlfield>
    <marc:datafield tag="071" ind1="4" ind2="1">
      <marc:subfield code="a">7031</marc:subfield>
      <marc:subfield code="b">Radio Spirits</marc:subfield>
      <marc:subfield code="c">Coffret</marc:subfield>
    </marc:datafield>
    <marc:datafield tag="073" ind1=" " ind2="0">
      <marc:subfield code="a">9781570194283</marc:subfield>
    </marc:datafield>
    <marc:datafield tag="100" ind1=" " ind2=" ">
      <marc:subfield code="a">20221114d2001    x  y0frey50      ba</marc:subfield>
    </marc:datafield>
    <marc:datafield tag="102" ind1=" " ind2=" ">
      <marc:subfield code="a">US</marc:subfield>
    </marc:datafield>
    <marc:datafield tag="126" ind1=" " ind2=" ">
      <marc:subfield code="a">aguxhxx      cd </marc:subfield>
    </marc:datafield>
    <marc:datafield tag="181" ind1=" " ind2=" ">
      <marc:subfield code="6">01</marc:subfield>
      <marc:subfield code="a">h</marc:subfield>
      <marc:subfield code="b">xxxa  </marc:subfield>
      <marc:subfield code="a">d</marc:subfield>
      <marc:subfield code="b">bxxa  </marc:subfield>
    </marc:datafield>
    <marc:datafield tag="181" ind1=" " ind2=" ">
      <marc:subfield code="6">02</marc:subfield>
      <marc:subfield code="c">spw</marc:subfield>
      <marc:subfield code="c">prm</marc:subfield>
      <marc:subfield code="2">rda-frcontent</marc:subfield>
    </marc:datafield>
    <marc:datafield tag="182" ind1=" " ind2=" ">
      <marc:subfield code="6">01</marc:subfield>
      <marc:subfield code="a">a</marc:subfield>
    </marc:datafield>
    <marc:datafield tag="182" ind1=" " ind2=" ">
      <marc:subfield code="6">02</marc:subfield>
      <marc:subfield code="c">s</marc:subfield>
      <marc:subfield code="2">rda-frmedia</marc:subfield>
    </marc:datafield>
    <marc:datafield tag="183" ind1=" " ind2=" ">
      <marc:subfield code="6">02</marc:subfield>
      <marc:subfield code="a">sea</marc:subfield>
      <marc:subfield code="2">rda-frcarrier</marc:subfield>
    </marc:datafield>
    <marc:datafield tag="200" ind1="1" ind2=" ">
      <marc:subfield code="a">Dracula</marc:subfield>
      <marc:subfield code="e">original radio adaptation as heard on the Mercury theatre on the air</marc:subfield>
      <marc:subfield code="f">starring Orson Welles</marc:subfield>
      <marc:subfield code="g">based on the novel by Bram Stoker</marc:subfield>
      <marc:subfield code="g">adapted for radio by Orson Welles and John Houseman</marc:subfield>
      <marc:subfield code="g">performed by Orson Welles, Martin Gabel, George Coulouris... [et autres]</marc:subfield>
    </marc:datafield>
    <marc:datafield tag="214" ind1=" " ind2="0">
      <marc:subfield code="a">Schiller park (Illinois)</marc:subfield>
      <marc:subfield code="c">Radio spirits</marc:subfield>
    </marc:datafield>
    <marc:datafield tag="214" ind1=" " ind2="4">
      <marc:subfield code="d">P 2001</marc:subfield>
    </marc:datafield>
    <marc:datafield tag="215" ind1=" " ind2=" ">
      <marc:subfield code="a">1 CD audio</marc:subfield>
    </marc:datafield>
    <marc:datafield tag="306" ind1=" " ind2=" ">
      <marc:subfield code="a">Producteur phonographique : Radio spirits, P 2001</marc:subfield>
    </marc:datafield>
    <marc:datafield tag="507" ind1="0" ind2=" ">
      <marc:subfield code="3">UMLRM0192</marc:subfield>
      <marc:subfield code="7">ba0yba0y</marc:subfield>
      <marc:subfield code="8">freeng</marc:subfield>
      <marc:subfield code="a">Dracula</marc:subfield>
      <marc:subfield code="c">émission radiophonique</marc:subfield>
      <marc:subfield code="d">1938</marc:subfield>
      <marc:subfield code="m">Anglais</marc:subfield>
      <marc:subfield code="n">Parole énoncée. Musique exécutée=712 02</marc:subfield>
      <marc:subfield code="a">Radio spirits</marc:subfield>
      <marc:subfield code="c">Firme</marc:subfield>
      <marc:subfield code="4">650</marc:subfield>
      <marc:subfield code="4">665</marc:subfield>
    </marc:datafield>
    <marc:datafield tag="801" ind1=" " ind2="0">
      <marc:subfield code="a">FR</marc:subfield>
      <marc:subfield code="b">FR-751131015</marc:subfield>
      <marc:subfield code="c">20221114</marc:subfield>
      <marc:subfield code="g">RDA-FR</marc:subfield>
      <marc:subfield code="h">FRBNF412752010000008</marc:subfield>
    </marc:datafield>
  </marc:record>